2399 3084
294 133 434 176 D1sr.
470 134 586 176 VIII.
621 133 692 175 Da
726 132 962 175 Punso'm
996 132 1217 174 Cnurs'ri
1252 132 1600 175 Mssom'roais.
1635 134 1773 175 Plus
1808 133 1884 175 III.
1972 136 2055 175 243

119 256 318 308 adfertur,
350 257 462 298 idem
494 260 637 299 contra
672 256 1011 307 exinanitionem,
1050 256 1386 297 humiliationem
1419 258 1447 298 81
1470 256 1755 298 minoritatem
1773 257 1850 297 filii
1872 271 1954 311 qua
1972 272 2055 298 me-

117 315 290 356 diatoris
321 319 410 356 tum
442 316 485 356 in
518 315 816 365 incarnatione,
849 317 939 355 tum
967 318 1060 368 post
1101 315 1432 356 incarnationem
1469 315 1624 356 adferri
1661 318 1813 369 posset.
1852 315 1915 356 Ad
1947 316 2052 370 quod

117 374 249 414 nostri
283 373 535 414 Lutheranis
558 374 735 428 aliisque
758 373 861 414 haec
878 373 1016 413 minus
1034 373 1206 414 candide
1228 373 1528 426 accipientibus
1556 373 1720 414 abunde
1738 374 2053 427 responderunt.

103 431 301 472 ‘Tantum
337 433 526 480 velimus,
551 435 597 472 ut
624 432 817 486 sepositis
851 431 1130 485 praejudiciis,
1165 431 1216 471 ad
1229 434 1478 485 argumenta
1497 432 1700 483 Stttncttro',
1718 432 1965 486 praesertim
1988 446 2056 474 or*

116 490 213 531 (title
248 490 313 531 15.
348 492 376 532 81
406 492 474 530 33.
492 490 709 544 perspicue
727 505 773 531 ac
791 490 920 530 solide
943 490 1254 543 respondeatur.
1276 490 1396 530 Certe
1416 489 1653 544 Wigandus
1670 491 1713 530 in
1736 490 1891 544 scripto
1913 494 2056 531 contra

116 547 365 589 Stancarum
398 549 449 589 ad
482 562 570 602 arg.
591 550 659 589 33.
680 549 849 589 ductum
872 548 923 588 ab
943 548 1122 588 absurdo
1145 548 1428 601 consequenti,
1448 549 1558 602 quod
1575 548 1663 589 scil.
1683 549 1823 589 divina
1844 551 1995 589 natura
2013 549 2055 589 in

116 607 309 647 servilem
337 607 617 647 conditionem
645 607 921 659 conjiceretur
938 607 966 648 81
985 608 1005 646 e
1025 606 1177 646 throno
1194 606 1427 659 majestatis
1448 607 1708 659 dejiceretur,
1728 607 1951 660 respondet
1968 609 2053 649 Deo

115 665 198 718 ‘ipsi
213 666 270 706 sic
287 666 421 707 visum
433 666 527 719 fuit,
548 673 590 706 ut
608 665 847 719 uniqenims
864 673 986 719 atque
1002 672 1193 706 aeternus
1212 665 1289 706 Dei
1301 665 1427 721 silius,
1443 665 1639 712 ἑμοσὺσιες
1654 665 1785 714 Patri,
1798 667 1908 721 sceret
1921 666 2054 716 homo,

115 724 222 764 servi
252 725 434 777 sormam
467 724 674 777 acciperet,
693 723 732 765 a·
748 724 889 765 onmia
911 724 1145 765 mediatoris
1171 724 1321 779 officia,
1338 737 1416 777 pro
1431 723 1755 764 reconciliatione
1775 723 1815 764 tr
1832 725 2056 766 ,salvatione

113 783 273 836 yenerts
292 782 471 823 humani
498 782 650 823 subiret
663 790 783 836 atque
792 784 1010 838 perficeret.
1030 782 1131 832 Quis
1145 783 1324 835 iqitttres
1340 790 1384 823 tet
1400 782 1764 831 misellam-emma,
1779 796 1883 837 quae
1894 783 1967 823 lzoe
1978 784 2056 824 Dei

115 841 335 882 eonsilium.
368 840 407 881 cst·
442 841 595 894 filetum
624 840 857 894 improbe-s?
890 841 992 891 11110,
1027 854 1131 895 quae
1163 849 1196 881 te
1215 841 1472 894 intemperies
1493 841 1696 893 «1911110111
1718 854 1794 894 pro
1811 855 1961 891 errore,
1982 841 2056 882 hoe

115 900 297 940 satutare
312 899 462 952 (toslma
479 899 668 955 0161191103,
688 906 807 953 atque
824 899 1016 954 diffctmes
1030 900 1049 939 ἵ)
1070 900 1154 940 Cttr
1171 907 1252 940 [(1111
1278 913 1318 939 es
1336 899 1500 949 lividas,
1514 906 1558 940 ut
1575 898 1688 939 ltaeme
1707 902 1864 954 sontem
1880 900 1986 940 vitae
2006 914 2052 941 cte

115 957 377 999 beatitudinis
409 965 607 1006 aeternae,
641 956 893 1007 hominibus,
921 958 1092 1011 pereatis
1110 965 1193 998 {mn
1212 958 1557 1011 ¹miseri*perditos,
1576 957 1772 1006 invideas,
1796 956 1836 998 a·
1851 957 2056 999 obstruere

117 1016 235 1070 [pag.
256 1015 361 1070 337]
397 1016 609 1064 „rziearae'sP
641 1016 673 1056 A
694 1029 874 1070 quonam
900 1016 1051 1069 spiritu
1071 1016 1145 1056 ista
1167 1016 1552 1069 circumforantztr,⁶²
1575 1016 1684 1057 Certe
1699 1021 1785 1057 11011
1801 1016 1964 1067 Christi,
1983 1018 2055 1071 ([1ιὶ

121 1074 220 1130 „filii
250 1074 328 1115 Det
363 1074 619 1128 stupendum
651 1074 888 1130 beneficium
911 1075 986 1114 lmc
1009 1075 1052 1115 in
1072 1082 1189 1128 parte
1208 1075 1429 1127 praedicat,
1449 1075 1518 1115 sed
1535 1074 1778 1124 antichristi,
1797 1075 1841 1115 id
1857 1075 1967 1129 quod
1989 1089 2053 1116 res

122 1133 236 1187 „ipsa
252 1133 391 1186 palam
412 1133 562 1187 aryetit.
585 1133 704 1185 Quod
722 1141 859 1173 (tutem
877 1133 992 1173 Deus
1008 1134 1080 1188 fiat
1098 1147 1253 1181 servus,
1267 1141 1312 1173 ut
1335 1146 1468 1174 servos
1487 1133 1687 1182 homines,
1714 1134 1739 1173 c't
1756 1134 1947 1174 servitute
1959 1147 2052 1188 pec-

121 1191 222 1240 „eati
242 1190 282 1232 a·
306 1191 447 1232 mortis
466 1191 612 1241 liberet,
630 1191 734 1232 aucte
752 1204 884 1232 vocem
904 1191 1032 1244 ipsius
1052 1191 1140 1232 Dei.
1162 1192 1266 1232 lesa.
1286 1191 1353 1231 43.
1384 1190 1547 1231 Serviie
1566 1206 1631 1231 me
1650 1190 1786 1231 fecisti
1810 1191 1853 1231 in
1870 1193 2051 1245 peccatis

123 1249 243 1299 „tuis,
278 1249 511 1302 praebuisti
543 1249 648 1289 mihi
680 1249 867 1290 laborem
900 1249 942 1289 in
975 1249 1270 1303 iniquitatibus
1298 1250 1394 1290 tuis.
1428 1249 1520 1304 Ego
1539 1264 1644 1299 sum,
1663 1249 1748 1289 Eoo
1763 1249 1957 1301 sunlrsri,
1980 1251 2052 1304 qui

121 1308 261 1356 „deleo
293 1307 538 1361 iniquitates
570 1310 664 1348 tuas
697 1310 868 1361 propter
897 1323 975 1357 me,
999 1310 1308 1361 &peccatorum
1331 1310 1499 1349 tuorum
1517 1322 1600 1348 non
1618 1308 1876 1349 recordabor.
1911 1309 2053 1350 Audi?

120 1367 258 1415 „Deus
279 1366 362 1419 ipse
378 1367 490 1407 clara
507 1380 596 1407 voce
617 1366 686 1416 att,
704 1380 744 1406 se
762 1367 805 1406 e'n
822 1366 990 1420 peccatis
1007 1366 1223 1407 hominum
1243 1367 1407 1416 servire,
1437 1366 1477 1407 {t
1499 1366 1686 1407 laborare
1704 1367 1747 1406 in
1766 1367 1951 1420 ipsorum
1970 1368 2051 1408 tnt-

121 1424 378 1479 „quitcttibua
399 1425 450 1465 ln
469 1425 535 1464 53.
561 1432 698 1466 autem
721 1425 848 1478 eapite
864 1426 1088 1466 luculenter
1104 1426 1328 1479 exponitur
1345 1439 1390 1466 σα
1408 1426 1608 1467 servitus:
1626 1424 1734 1478 Ipse,
1760 1425 1892 1480 inquit
1909 1426 2051 1468 scilieet

121 1483 296 1532 „SERvus
328 1496 456 1533 meets,
494 1482 748 1523 Vulneratus
775 1485 838 1523 est
859 1486 1030 1536 propter
1047 1483 1292 1536 iniquitates
1309 1485 1485 1534 nostras,
1505 1483 1675 1524 attritus
1695 1486 1757 1523 est
1774 1486 1945 1537 propter
1962 1499 2050 1526 sce-

121 1542 231 1591 „lera
262 1543 418 1592 nostra,
443 1541 666 1596 castigatio
698 1541 811 1594 pacis
844 1544 1011 1582 nostrae
1049 1557 1173 1595 super
1201 1557 1310 1592 eum,
1343 1543 1371 1584 81
1400 1542 1527 1582 livore
1552 1542 1638 1595 ejus
1657 1542 1794 1582 sanati
1812 1557 1969 1583 sumus.
2003 1545 2051 1585 Et

121 1601 307 1649 „electum
335 1600 412 1641 Det
438 1613 625 1654 organon
654 1600 788 1654 inquit
823 1600 1004 1654 Philipp.
1040 1602 1077 1640 2.
1098 1600 1178 1648 Qui
1196 1615 1289 1641 cum
1307 1600 1349 1640 in
1367 1600 1502 1640 forma
1520 1600 1599 1640 Dei
1617 1603 1740 1651 esset,
1758 1614 1838 1641 non
1859 1601 2049 1654 rapinam

119 1658 374 1708 „arbitratus
406 1660 482 1708 est,
516 1661 561 1698 ut
595 1661 703 1698 esset
734 1658 920 1711 aequalis
950 1658 1052 1709 Deo,
1082 1659 1152 1699 sed
1170 1659 1442 1712 semetipsum
1462 1658 1706 1708 exinanivit,
1725 1659 1904 1699 formam
1927 1657 2048 1701 Smm

121 1716 365 1769 „accipiens
399 1716 476 1758 Hic
494 1717 601 1757 docet
623 1717 839 1770 Apostolus
854 1717 1084 1770 perspicuis
1107 1717 1246 1766 verbis,
1275 1718 1414 1770 ipsum
1446 1718 1595 1763 Deum,
1619 1717 1725 1757 servi
1740 1718 1923 1771 sormam
1939 1731 2047 1759 acee-

110 1775 232 1828 911380.
266 1774 384 1823 Quod
401 1775 453 1815 ad
475 1775 761 1828 exceptionem
778 1775 909 1825 illam,
939 1790 1020 1828 qua
1036 1775 1337 1829 praetenditur,
1358 1775 1573 1816 Christum
1591 1775 1758 1816 demum
1775 1778 1870 1828 post
1887 1791 2048 1817 assum-

113 1835 230 1886 ptam
262 1847 429 1873 carnem
460 1835 662 1886 tanquam
698 1833 971 1873 mediatorem
1003 1848 1097 1874 cum
1125 1834 1380 1885 subiectione
1412 1848 1537 1888 agere
1573 1833 1769 1887 coepisse,
1789 1837 1885 1875 ante
1903 1837 2045 1876 autem

113 1906 195 1932 non
215 1891 351 1946 egisse
373 1892 645 1932 mediatorem
662 1906 756 1932 cum
774 1891 1028 1945 subjectione
1042 1893 1112 1933 sed
1129 1895 1296 1933 tantum.
1318 1907 1410 1933 cum
1430 1892 1771 1933 subordinatione
1789 1892 2045 1934 voluntaria:

114 1949 156 1990 id
188 1952 234 1990 ut
265 1950 399 2004 gratis
433 1952 460 1992 &
495 1950 584 1990 sine
617 1949 863 2003 probatione
896 1950 1097 2001 adfertur,
1126 1951 1185 1991 ita
1213 1952 1241 1992 ἃ
1273 1950 1600 2005 aenigmaticum
1639 1950 1743 1990 mihi
1765 1951 1941 1992 videtur.
1976 1952 2044 1992 An

113 2023 195 2050 non
213 2009 414 2062 subjectio
436 2011 482 2049 ut
501 2009 559 2049 sic
581 2008 848 2062 synonymice
869 2011 931 2049 est
950 2009 1237 2050 subordinatio
1254 2011 1283 2051 81
1303 2009 1389 2050 vice
1410 2012 1525 2050 versa
1539 2012 1556 2050 ⁸?
1572 2012 1644 2050 aut
1663 2009 1814 2049 saltem
1828 2024 1910 2050 una
1922 2010 2045 2051 alteri

115 2066 346 2118 ἁχωρὶστως
367 2068 618 2121 conjuncta?
656 2066 853 2120 Quisquis
887 2067 998 2108 enim
1031 2068 1154 2109 alteri
1185 2068 1491 2117 subordinatur,
1531 2068 1652 2108 alteri
1670 2067 1796 2108 etiam
1814 2068 2045 2122 subjicitur.

113 2125 247 2179 Atqui
278 2125 389 2166 filius
418 2128 513 2166 ante
532 2125 862 2166 incarnationem
879 2128 1079 2178 tanquam
1098 2127 1301 2167 mediator
1319 2126 1407 2180 egit
1424 2141 1517 2167 cum
1541 2126 1809 2179 subjectione,
1833 2127 1862 2167 81
1884 2127 2044 2179 specia-

113 2184 210 2224 liter
240 2184 476 2224 intercessit
502 2198 576 2237 pro
593 2184 800 2232 fidelibus,
819 2184 1050 2237 iisdemque
1068 2185 1374 2238 impetrandam
1392 2199 1465 2225 seu
1482 2185 1620 2238 potius
1638 2184 1907 2237 impetratam
1925 2185 1953 2226 &
1973 2186 2043 2226 de-

114 2242 247 2283 bitam
280 2242 357 2282 sub
390 2242 580 2282 cautione
599 2243 778 2282 salutem
796 2243 1012 2296 applicuit,
1032 2243 1071 2283 vi
1094 2243 1330 2297 implendae
1348 2243 1571 2296 aliquando
1589 2246 1774 2296 tempore
1791 2243 1959 2284 definito
1977 2258 2043 2284 sa-

113 2299 378 2341 tisfactionis.
413 2301 575 2354 Eoecept.
609 2300 726 2349 Quod
764 2301 799 2341 si
830 2301 923 2353 quis
955 2304 1143 2355 regerat:
1181 2302 1299 2355 atqui
1336 2316 1416 2341 nou
1450 2301 1531 2341 fuit
1547 2304 1636 2341 tum
1655 2316 1810 2350 servus,
1828 2315 1903 2341 nec
1919 2316 2044 2343 causa

114 2359 306 2399 ministra
325 2373 397 2399 seu
413 2358 760 2399 instrumentalis.
782 2360 899 2413 Resp.
926 2360 962 2400 1.
997 2360 1242 2413 Quicunque
1259 2360 1429 2400 termini
1451 2360 1519 2400 hic
1536 2362 1790 2412 usurpentur
1807 2359 1874 2413 (de
1892 2360 2043 2413 quibus

116 2418 310 2458 nolumus
329 2431 438 2457 nunc
455 2417 652 2457 minutim
670 2417 902 2470 disputare)
926 2417 1083 2458 sufficit
1105 2419 1215 2472 quod
1232 2418 1442 2470 utrimque
1462 2432 1700 2458 concessum
1719 2417 1927 2467 sit,fuisse
1945 2419 2040 2459 sub-

115 2475 419 2516 ordinationem
471 2475 789 2525 oeconomicam,
838 2476 1127 2529 respectivam,
1161 2476 1453 2526 voluntariam,
1491 2476 1532 2516 in
1565 2478 1751 2529 tempore
1788 2475 2041 2526 inchoatam,

115 2534 306 2586 quamuis
339 2534 391 2574 ab
415 2536 583 2574 aeterno
605 2533 826 2584 decretam,
851 2535 880 2575 81
897 2534 1209 2588 contingentem
1228 2549 1301 2588 per
1317 2535 1546 2589 gratiosam
1569 2531 1878 2580 συγκκτάβκσιν
1895 2535 1947 2575 ab
1970 2530 2040 2576 ae-

114 2594 234 2632 terna
265 2591 345 2632 Dei
377 2592 569 2641 essentia,
604 2592 632 2632 81
664 2592 861 2642 naturali,
880 2593 1124 2643 necessario,
1144 2593 1335 2633 absoluto
1353 2593 1494 2632 ordine
1512 2606 1784 2645 personarum
1807 2592 2040 2634 divinarum

114 2649 156 2689 in
179 2651 323 2690 eadem
351 2652 531 2690 essentia
554 2649 807 2700 distinctam,
840 2650 900 2690 ita
922 2653 968 2690 ut
993 2651 1098 2690 ratio
1126 2651 1315 2691 formalis
1333 2651 1454 2691 unius
1472 2664 1551 2690 non
1572 2650 1626 2690 sit
1644 2649 1751 2690 ratio
1769 2650 1958 2692 formalis
1977 2653 2038 2692 al-

115 2708 258 2749 terius.
294 2709 410 2762 Hesp.
450 2709 488 2749 2.
508 2707 661 2748 Filium
681 2706 761 2748 Dei
779 2707 906 2749 etiam
924 2711 1020 2748 ante
1044 2709 1371 2749 incarnationem
1396 2708 1522 2749 fuisse
1540 2708 1812 2749 mediatorem
1834 2710 1861 2750 ἃ
1875 2712 1958 2762 qua
1978 2713 2038 2750 ta-

115 2766 198 2806 lem
230 2766 308 2807 dici
341 2781 504 2807 servum
539 2768 701 2807 constat
725 2780 774 2806 ex
791 2767 894 2807 desa.
914 2767 981 2806 42.
1005 2767 1177 2808 Zaelzctr.
1203 2769 1242 2807 11.
1261 2767 1354 2808 coll.
1372 2782 1466 2807 cum
1482 2768 1584 2808 lesa.
1606 2767 1673 2806 63.
1699 2765 1827 2808 Unde
1846 2767 1979 2808 infero
1997 2769 2039 2808 in

116 2824 276 2877 objecto
303 2825 511 2865 adorando
539 2824 721 2865 rationes
743 2824 838 2864 illas
855 2823 1052 2866 formales
1075 2840 1157 2865 non
1176 2825 1324 2866 debere
1338 2825 1547 2873 confundi,
1567 2839 1641 2866 nec
1659 2839 1784 2865 unam
1802 2825 1923 2866 alteri
1941 2827 2038 2867 sub-

1923 2884 2042 2926 stitui
