2399 3084
291 101 375 144 346
730 79 1800 148 D1sr.X11.DELEGEETEUANGEMQ

288 226 521 280 quendum;
558 241 634 268 nec
665 225 1065 280 amplificationibus
1097 226 1126 269 St
1156 226 1331 280 picturis
1367 227 1587 270 rhetoricis
1619 227 1799 270 nimium
1814 227 1882 270 hic
1898 228 2224 284 indulgendum;

284 284 437 339 quibus
454 284 609 327 veritas
626 299 708 325 non
726 287 821 326 raro
839 285 1099 334 obscuratur,
1118 286 1366 339 praesertim
1386 287 1496 341 apud
1513 287 1714 329 rudiores.

345 344 571 386 Consectar.
607 344 645 385 3.
678 342 771 385 Hac
803 344 1034 385 orthodoxa
1071 344 1258 386 doctrina
1285 360 1368 387 non
1385 345 1551 387 tollitur
1567 346 1794 388 necessitas
1811 346 2016 388 bonorum
2035 361 2230 401 operum3

284 402 524 453 necessitas,
557 403 731 457 inquam
748 405 841 444 tum
862 402 1072 457 praecepti
1092 405 1184 444 tum
1201 404 1343 445 medii.
1377 403 1484 446 Vide
1501 405 1721 446 candidam
1739 405 2043 459 professionem
2061 408 2228 447 nostrae

283 461 469 503 calet-hes.
488 470 644 517 quaest.
663 461 732 503 87.
751 460 863 504 Satis
887 461 997 503 enim
1016 464 1288 516 praecautum
1305 465 1380 515 est,
1403 464 1439 505 si
1461 478 1511 505 ex
1532 463 1654 506 Heb'r.
1676 464 1743 506 12.
1763 478 1798 505 v.
1819 464 1885 505 14.
1900 463 2126 506 necessitas
2143 463 2224 506 im-

281 522 474 574 ponatur,
492 521 582 564 sine
598 521 821 562 sanctitate
838 535 958 580 vnepio
976 520 1121 563 videbit
1144 521 1290 564 Deam.
1310 522 1367 563 Et
1388 537 1438 564 ex
1458 523 1477 563 1
1502 524 1590 565 Cor.
1612 524 1650 564 6.
1669 523 1723 571 ,ak
1739 526 1953 561 πλανᾶσθε
1968 537 2044 565 nec
2065 525 2219 564 scorta-

279 582 406 630 tores,
445 580 509 621 &c.
544 594 722 635 requam
753 580 830 622 Dei
863 579 1144 635 possidebant.
1165 579 1252 622 Sub
1276 584 1410 635 poena
1432 581 1681 636 privationis
1699 581 1871 623 visionis
1889 581 1984 632 Dei,
2008 583 2038 625 8v
2057 581 2231 623 damna-

280 638 408 680 tionis
426 641 621 680 aeternae
642 639 752 680 bona
769 654 896 693 opera
913 638 1174 693 praescripta
1198 640 1427 682 maximam
1445 640 1566 682 nobis
1582 640 1878 682 necessitatem
1895 640 2131 695 imponunt.
2150 639 2231 690 Qui

284 697 397 739 euim
419 698 558 751 perdit
576 698 774 748 animam,
799 698 939 739 onmia
956 697 1106 752 perdit.
1128 699 1271 742 Matth.
1294 699 1360 741 10.

341 755 418 798 ΙΙΙ.
440 757 602 808 Quaest.
620 757 690 799 An
707 758 983 811 Ettanqettmn
1002 757 1256 800 strictissime
1271 766 1495 813 acceptum,
1514 758 1586 800 hoe
1602 766 1657 800 est
1670 759 1897 801 secandam
1911 759 2030 801 illam
2048 759 2232 810 modam,

281 829 361 870 qao
396 829 508 858 >tane
537 816 804 870 dispensatur
840 816 914 858 sab
948 817 995 860 N.
1036 817 1092 868 T.,
1126 818 1243 870 Leqis
1261 819 1434 859 rmoralis
1455 825 1668 872 praecepta
1688 818 1864 868 minitat,
1887 826 1960 861 aut
1976 826 2143 873 attyeat,
2163 825 2235 860 aut

282 875 529 930 qactctmqae
546 876 707 917 ratione
723 876 737 916 i
741 889 824 916 mm
832 883 921 917 ittet:
940 875 996 916 ita
1017 883 1059 917 at
1077 876 1188 931 qaod
1204 877 1260 918 act
1276 877 1564 928 substantiam,
1578 885 1651 919 aut
1662 877 1773 932 qaod
1785 877 1840 918 ad
1851 877 1993 933 atiqaa
2005 885 2233 932 praecepta,

283 941 367 975 tam
382 935 566 988 perfecte,
585 935 691 986 imeq
699 937 751 984 re,
764 935 910 984 stricte,
929 933 1060 988 riqicle
1076 948 1161 976 non
1178 943 1275 977 esset
1290 936 1575 991 proponenda,
1597 936 1796 992 timenda,
1819 934 1859 978 (9(
1877 936 1903 978 ἁ
1915 936 2033 978 nobis
2046 936 2234 992 obliyatio

283 994 370 1047 ejas
386 993 638 1047 accipienda.
659 993 780 1047 Resp.
801 994 896 1048 Neq.
918 993 997 1034 Ex.
1018 992 1136 1037 Rom.
1159 994 1196 1034 3.
1217 1008 1254 1036 v.
1274 995 1342 1036 29.
1369 996 1436 1037 30.
1455 994 1512 1036 Et
1535 998 1747 1049 sequetur,
1769 994 1901 1036 alium
1923 994 2054 1036 fuisse
2076 994 2234 1050 Legem

281 1052 485 1093 moralem
517 1054 614 1094 ante
647 1051 877 1100 Christum,
903 1067 1030 1106 quam
1046 1055 1235 1106 tempore
1255 1053 1426 1104 Christi,
1447 1057 1520 1095 aut
1543 1054 1619 1095 sub
1643 1053 1697 1095 N.
1724 1053 1771 1094 Τ.
1791 1053 1883 1096 Hoc
1904 1054 2018 1095 enim
2035 1068 2230 1095 corrum—

280 1113 399 1164 peret
415 1110 658 1152 libertatem
676 1110 975 1160 Christianam,
995 1110 1023 1151 ἃ
1041 1112 1251 1154 erroribus
1270 1111 1611 1164 Antinomorum,
1625 1113 1911 1167 similiumque
1923 1113 2232 1154 haereticorum

283 1169 587 1223 quodammodo
619 1170 913 1211 velificaretur.
947 1169 1055 1212 Vide
1092 1171 1323 1213 Catechesin
1355 1179 1509 1228 quaest.
1552 1173 1646 1213 115.
1683 1173 1712 1214 St
1748 1171 1902 1213 Confer
1920 1172 1959 1214 3.
1975 1179 2085 1226 part.
2109 1173 2234 1214 select.

283 1228 420 1283 dispp.
439 1229 487 1270 de
504 1230 563 1271 tit.
582 1229 630 1271 de
643 1229 914 1284 praecisitate.

341 1286 417 1329 IV.
455 1289 617 1341 Qaaest.
636 1289 707 1331 An
725 1289 1002 1342 Euanqelium
1019 1290 1152 1331 stricte*
1173 1288 1214 1331 ἃ
1229 1291 1399 1344 proprie
1415 1291 1584 1341 dictam,
1604 1290 1816 1344 imprimis
1837 1290 2047 1332 missionis
2065 1303 2138 1332 sea
2153 1290 2232 1332 im-

283 1347 487 1401 pletionis,
504 1355 549 1389 ut
568 1348 612 1388 in
630 1347 679 1390 Ν.
701 1349 744 1389 Τ.
761 1348 786 1388 ὰ
807 1348 966 1390 Christo
987 1347 1028 1390 86
1043 1349 1246 1403 Apostolis
1265 1349 1554 1404 dispensatam
1572 1357 1643 1399 cst,
1658 1350 1826 1405 differat
1843 1349 1986 1404 sormft
2005 1348 2045 1391 a·
2061 1349 2234 1391 essentia

283 1407 309 1447 ὰ
339 1406 440 1460 Leqe
451 1421 466 1455 ;
499 1420 555 1447 arn
587 1408 680 1447 vero
717 1414 881 1449 tantum
918 1408 1055 1464 qracttt
1084 1408 1357 1463 perfeetionis,
1390 1416 1434 1451 ut
1467 1408 1574 1450 nihil
1604 1409 1723 1450 aliud
1754 1408 1818 1457 sit,
1852 1421 1977 1466 qaam
2001 1408 2084 1450 Lea:
2100 1408 2234 1463 magis

282 1466 461 1519 perlecta
491 1479 538 1506 ac
569 1473 870 1516 consummata,
906 1474 995 1509 tam
1012 1467 1123 1522 qaod
1138 1467 1194 1508 ad
1212 1475 1443 1522 praecepta,
1463 1475 1551 1509 tam.
1568 1468 1680 1523 quod
1696 1467 1752 1509 ad
1765 1467 2076 1521 promissiones.
2112 1468 2230 1522 Resp.

283 1522 350 1565 Ita
372 1523 543 1578 quidem
565 1526 758 1565 statuunt
775 1522 1004 1575 Sociniani,
1023 1527 1051 1568 δε
1070 1526 1250 1577 ἑμοψηφσι
1273 1540 1417 1567 eorum
1434 1526 1514 1567 hac
1530 1526 1574 1566 in
1591 1528 1725 1580 parte,
1746 1526 1839 1580 plus
1858 1525 2063 1577 minusve,
2087 1525 2232 1578 quales

282 1580 642 1633 Remonstrantes,
667 1582 893 1634 Pontificii,
912 1585 979 1627 &c.
1002 1583 1091 1625 Nos
1114 1598 1208 1624 cum
1230 1585 1384 1626 nostris
1402 1585 1595 1626 absolute
1614 1586 1710 1639 Ney.
1729 1586 1758 1627 a
1781 1585 1956 1626 dicimus
1972 1583 2053 1625 hac
2070 1584 2232 1626 ratione

281 1644 415 1682 totam
448 1641 675 1683 essentiam
712 1641 742 1682 Sc
758 1642 967 1684 rationem
985 1643 1105 1698 [pag.
1126 1642 1204 1697 24]
1223 1642 1452 1698 Euangelii
1475 1645 1503 1686 a
1521 1644 1670 1685 salutis
1689 1658 1763 1697 per
1781 1642 2010 1694 Christum,
2032 1644 2061 1686 St
2078 1657 2233 1685 novum

281 1699 427 1741 foedus
459 1700 622 1755 gratiae
655 1700 779 1754 plane
817 1702 950 1743 everti
982 1717 1029 1743 ac
1059 1700 1166 1743 tolli.
1205 1700 1260 1743 Ut
1278 1702 1356 1744 hoc
1373 1703 1543 1756 quidem
1561 1703 1691 1744 solide
1711 1704 1735 1743 a
1752 1702 1907 1744 nostris
1923 1716 2021 1742 mox
2037 1701 2231 1756 sequenti

282 1759 542 1812 problemate
576 1759 754 1800 citandis
788 1760 1012 1813 probatum
1050 1763 1133 1802 est:
1155 1775 1333 1814 quorum
1350 1761 1620 1816 probationes
1638 1761 1706 1802 hic
1724 1762 1920 1803 nolumus
1938 1762 2143 1815 repetere,
2160 1761 2231 1802 sed

282 1817 677 1872 praesupponimus;
698 1818 799 1872 quin
817 1818 946 1861 immo
964 1819 1189 1861 asserimus
1207 1819 1494 1875 Euangelium
1511 1820 1747 1862 formaliter
1764 1821 1792 1863 s
1811 1820 1965 1861 directe
1983 1819 2090 1860 nihil
2102 1834 2231 1874 prae-

284 1876 436 1930 cipere,
474 1879 548 1917 aut
580 1877 668 1918 ulla
699 1877 856 1919 habere
881 1880 1105 1932 praecepta
1122 1878 1209 1919 sive
1232 1880 1408 1933 antiqua
1426 1879 1538 1934 Lege
1556 1881 1795 1933 praecepta,
1815 1879 1900 1920 sive
1919 1893 2052 1919 novae
2071 1879 2135 1934 (ut
2152 1878 2233 1933 ipsi

283 1934 450 1988 vocant)
487 1934 591 1990 Legi
623 1936 777 1984 addita,
797 1937 867 1978 sed
885 1939 1051 1978 tantum
1071 1937 1370 1991 promissiones
1389 1939 1455 1994 (de
1478 1953 1560 1993 quo
1578 1938 1621 1979 in
1639 1938 1831 1992 sequenti
1858 1937 2143 1992 quaestione);
2162 1952 2234 1978 ne-

284 1993 382 2035 dum
400 1997 447 2035 ut
468 1996 636 2036 tantum
654 1997 727 2036 aut
744 1995 895 2037 saltem
917 1996 1208 2050 principaliter
1225 2000 1449 2051 praecepta
1469 1997 1714 2038 contineret.

342 2052 396 2094 V.
432 2054 596 2106 Qttaest.
630 2054 700 2096 An
734 2055 1013 2109 Eztanqeliam
1044 2056 1190 2106 stricte,
1224 2064 1297 2097 aut
1319 2057 1440 2098 etiam
1463 2056 1714 2098 strictissime
1730 2056 1886 2098 dictam
1910 2055 1999 2106 (hoc
2015 2062 2083 2106 est,
2104 2063 2234 2110 prout

286 2125 331 2153 m
364 2112 414 2156 N.
439 2114 481 2154 Τ.
500 2114 726 2155 revelatam
742 2121 798 2155 est
819 2112 859 2155 <96
876 2114 1165 2169 dispensatur)
1183 2114 1325 2157 habeat
1339 2123 1554 2170 praecepta
1572 2128 1689 2164 nova,
1708 2122 1781 2156 aat
1798 2115 2003 2170 quaedam
2018 2121 2235 2169 praecepta

287 2171 456 2225 adjecta,
488 2185 592 2227 quae
622 2173 706 2213 Lex
736 2172 818 2214 sive
850 2173 896 2214 in
937 2174 976 2215 V.
1010 2173 1091 2215 sive
1123 2174 1167 2215 in
1187 2174 1236 2218 N.
1263 2175 1303 2216 T.
1330 2175 1464 2216 stricte
1484 2173 1524 2215 ἃ·
1538 2174 1708 2229 proprie
1724 2174 1831 2215 dieta
1848 2187 1935 2215 ozon
1952 2173 2083 2214 habet.
2118 2173 2231 2227 Hesp.

287 2228 500 2271 Pontificii
517 2244 672 2286 inagna
695 2245 745 2271 ex
763 2234 881 2285 parte
900 2233 928 2274 &
945 2230 1157 2273 Sociniani
1174 2233 1218 2274 in
1240 2235 1376 2274 totum
1394 2233 1655 2275 confundunt
1678 2232 1977 2287 Euangelium,
1997 2246 2090 2273 cum
2107 2230 2232 2286 Lege,

288 2288 318 2329 St
349 2288 392 2329 in
424 2303 514 2330 eam
553 2288 870 2332 transformant.
904 2290 1015 2332 Hinc
1044 2290 1109 2331 illi
1146 2294 1368 2346 praecepta
1391 2292 1420 2334 a
1438 2292 1612 2333 consilia
1627 2291 1888 2347 Euangelica
1906 2290 2186 2345 distinguunt,
2205 2290 2234 2332 &

288 2349 562 2401 utrorumque
595 2348 809 2404 catalogos
826 2352 997 2391 texunt:
1018 2352 1065 2391 ut
1084 2351 1327 2404 compendio
1351 2351 1490 2392 videre
1509 2354 1573 2393 est
1590 2351 1820 2405 prolegom.
1860 2351 2017 2392 Cornel.
2036 2350 2061 2390 ἀ
2078 2349 2234 2403 Laptde

287 2406 343 2447 ad
378 2415 644 2449 commentar.
677 2421 772 2450 suos
805 2408 849 2449 in
882 2409 921 2450 E
923 2409 1187 2463 ztanqelistcts.
1221 2410 1295 2451 Isti
1312 2409 1438 2450 variis
1456 2409 1690 2463 praeceptis
1716 2410 1915 2460 detracta,
1933 2408 2028 2449 aliis
2051 2407 2193 2449 addita
2209 2409 2234 2449 a

289 2463 455 2506 Christo
486 2466 665 2507 auctarii
695 2466 798 2518 loco,
826 2467 854 2508 &
877 2467 953 2508 toti
975 2467 1172 2523 decalogo
1191 2468 1332 2509 addita
1349 2471 1573 2523 praecepta
1591 2469 1640 2510 de
1658 2468 1937 2523 abnegatione
1955 2467 2019 2508 sui
2036 2466 2184 2520 ipsius,
2203 2466 2233 2509 δι

288 2522 524 2565 sublatione
541 2524 694 2574 crucis;
714 2525 840 2581 vulgo
859 2528 1010 2567 sonant
1022 2534 1239 2581 praecepta
1260 2527 1424 2574 Christi,
1439 2536 1656 2582 praecepta
1671 2528 1921 2583 eaanqetica,
1938 2539 2090 2568 novam
2108 2526 2231 2579 leyem

293 2581 457 2632 Christi,
480 2582 688 2625 Christum
707 2597 861 2627 novam
880 2585 1161 2638 leqislatorem.
1181 2585 1292 2627 Huic
1303 2585 1562 2642 Theologiae
1573 2601 1674 2628 suae
1687 2601 1781 2628 cum
1799 2584 2040 2634 pontificiis,
2054 2583 2232 2637 aliisque

289 2639 476 2681 sectariis
494 2640 700 2695 imprimis
719 2643 974 2697 praesidium
992 2646 1200 2696 quaerunt
1215 2644 1259 2685 in
1276 2645 1423 2698 quinto
1441 2645 1579 2699 capito
1597 2644 1828 2694 Matthaei;
1849 2643 1921 2686 ubi
1938 2643 2075 2698 legem
2092 2655 2231 2682 mora-

288 2697 371 2738 lein
390 2700 414 2738 a
430 2697 597 2741 Christo
615 2705 857 2752 correctam,
870 2704 942 2743 aut
961 2702 1272 2757 interpolatam,
1293 2706 1366 2744 aut
1382 2703 1534 2745 saltem
1553 2703 1800 2758 ampliatam
1818 2704 1847 2746 Sz
1865 2702 1982 2744 novis
1997 2700 2232 2755 praeceptis

289 2758 455 2797 auctam
493 2760 698 2801 statuunt.
733 2760 896 2802 Horum
930 2775 1113 2803 errorem
1133 2761 1236 2803 satis
1254 2772 1461 2816 superque
1482 2764 1505 2804 a
1522 2762 1676 2804 nostris
1694 2762 1926 2804 refutatum
1942 2760 2011 2801 hic
2028 2772 2230 2813 praesup-

288 2814 495 2869 ponimuS.
531 2815 767 2860 Videantur
797 2819 908 2860 inter
924 2819 1029 2860 alios
1049 2819 1290 2877 Polyancler
1305 2821 1351 2863 in
1368 2822 1664 2866 concertatione
1674 2837 1690 2871 ;
1717 2821 1891 2864 Carolus
1907 2820 1955 2862 de
1973 2819 2111 2870 Maets,
2136 2831 2230 2882 cum

2114 2890 2228 2919 vive-
