2399 3084
283 92 368 134 200
418 92 562 134 DISP.
596 91 693 134 VII.
727 91 1178 133 PROBLEMATUM
1209 106 1273 133 DE
1304 89 1540 134 Muniro
1573 91 1826 134 Gnnls'rl
1857 91 1993 135 PARS
2025 92 2104 136 III.

283 222 536 258 rotuntatem
554 215 598 257 id
614 214 827 257 reducitur
837 229 852 264 ;
883 221 1061 269 possunt
1077 221 1216 257 autem
1232 215 1522 270 conyruentiae
1538 215 1668 270 accipi
1687 229 1737 258 ecc
1752 215 1799 258 ed
1815 215 2004 259 brevitate
2025 218 2232 273 temporis,

288 274 329 316 {t
344 275 488 330 aliqud
502 274 733 329 pertinacid
750 273 975 315 voluntatis
991 273 1220 328 Anyelieae.
1251 273 1376 315 Prius
1392 288 1467 315 nos
1485 274 1735 328 probamus3
1764 275 1973 329 posterius
1990 274 2143 318 Autori
2159 290 2234 318 suo

284 333 576 386 relinquimus,
614 331 806 373 Becanus
838 346 928 386 cap.
964 332 1033 373 cit.
1067 337 1228 386 quaest.
1265 332 1332 374 11.
1366 332 1633 386 simpliciter:
1670 333 1778 386 Quia
1793 334 1907 377 Deus
1922 348 2010 377 non
2026 334 2235 378 dedititiis

285 400 446 446 tempus
472 390 512 433 a
546 391 756 433 auoeilium
789 391 845 432 ad
861 391 1067 446 aqendam
1085 391 1395 446 poenitentiam.
1429 386 1641 446 Quidquid
1658 392 1730 433 alii
1748 407 1799 433 ex
1814 392 2048 435 Pontificiis
2068 396 2236 448 praeter

283 450 365 492 Dei
400 449 715 504 beneplacitum
748 449 929 502 allegare
960 452 1178 501 conantur,
1211 450 1294 492 huc
1328 450 1464 492 tendit
1479 465 1531 491 ne
1549 450 1729 492 liberum
1746 451 1983 503 arbitrium,
2001 451 2236 494 misericor-

288 509 401 550 diam
421 510 450 551 &
472 508 659 563 gratiam
677 508 1019 561 conditionatam,
1036 508 1236 550 meritum
1253 509 1303 550 de
1321 522 1519 564 congruo,
1552 509 1582 551 &
1603 509 1761 551 similes
1778 524 1874 552 suas
1894 510 2150 565 hypotheses
2167 525 2236 552 co-

287 569 445 622 gantur
463 567 666 609 deserere.
700 565 903 608 Rationes
921 581 1028 622 quae
1044 567 1279 609 afferuntur
1296 569 1321 610 a
1336 566 1535 609 Patribus
1552 570 1739 609 recenset
1755 569 1924 623 quidem
1941 570 2132 612 Becanus
2147 582 2237 624 cap.

290 626 358 666 11.
384 626 456 667 sed
473 640 525 667 ne
542 625 716 668 verbulo
739 626 907 680 quidem
925 626 1078 680 probat
1096 628 1170 668 aut
1185 626 1412 681 improbat.
1445 625 1553 668 Sunt
1569 628 1711 668 autem
1727 627 1848 679 istae,
1870 628 1906 669 1.
1921 627 2028 678 Quia
2045 627 2237 684 Angelus

287 687 362 726 sua
398 687 561 738 sponte,
584 700 668 726 non
700 685 783 726 alio
815 685 1030 727 suadente.
1051 685 1089 727 2.
1114 700 1164 727 ex
1190 685 1357 727 malitia
1372 685 1579 740 peccavit:
1599 686 1637 727 3.
1655 685 1860 728 Peccante
1876 701 1959 728 uno
1975 686 2146 729 homine
2162 702 2236 741 pe-

286 743 359 784 riit
394 745 485 785 tota
518 746 673 786 natura
694 743 895 796 humana,
913 759 997 786 non
1019 746 1163 786 autem
1179 747 1377 799 peccante
1397 743 1580 799 Angelo,
1597 744 1724 799 periit
1739 747 1829 787 tota
1845 748 1997 788 natura
2019 745 2238 801 Angelica.

287 801 418 843 Istius
437 803 606 857 generis
624 802 921 858 congruentias
944 803 1031 845 sive
1049 804 1308 858 conjecturas
1326 803 1361 845 si
1383 803 1476 858 qnis
1494 818 1590 845 suas
1606 803 1744 845 facere
1760 804 1877 856 velit,
1900 804 2068 846 fruatur
2084 819 2159 846 suo
2171 805 2240 859 ju-

289 861 418 902 dicio:
455 875 533 917 ego
565 861 683 903 fruar
716 876 831 912 me03
863 861 906 902 in
938 877 1021 917 quo
1052 864 1146 904 tuto
1183 862 1461 917 acquiescere,
1483 863 1513 905 82
1530 863 1641 917 quod.
1656 865 1801 904 contra
1818 878 1962 905 omnes
1980 863 2240 906 adversarios

300 920 531 962 certissime
565 921 786 963 defendere
817 935 988 975 possum
1002 936 1011 971 ;
1045 922 1238 976 quodque
1256 921 1435 963 liberam
1451 921 1481 964 &
1497 921 1780 963 omnimodam
1795 921 1877 963 Dei
1896 922 2082 978 gratiam
2097 937 2145 964 ac
2161 924 2240 964 mi-

298 1038 447 1092 majori
465 1053 512 1080 ac
528 1038 694 1080 fortiori
710 1038 876 1080 vinculo
894 1039 946 1080 ad
964 1039 1269 1094 gratitudinem
1299 1054 1374 1081 nos
1391 1039 1605 1094 astringit.
1623 1039 1663 1081 2.
1691 1038 1827 1083 Conci.
1845 1039 2034 1082 Christus
2051 1054 2135 1082 non
2150 1054 2240 1082 me-

297 1097 404 1138 ritus
427 1099 491 1138 est
521 1096 701 1153 Angelis
732 1097 854 1139 bonis
887 1098 1072 1154 gratiam
1088 1101 1162 1140 aut
1183 1098 1376 1154 gloriam.
1409 1097 1479 1140 Sic
1503 1098 1694 1152 plerique
1712 1098 1948 1147 Scholastici
1967 1114 2063 1140 cum
2086 1099 2242 1142 Thema

300 1156 344 1197 in
376 1156 415 1196 3.
444 1156 539 1198 dist.
562 1157 630 1198 13.
647 1156 880 1210 Disputant
896 1157 1025 1212 vulgo
1042 1157 1091 1198 de
1112 1157 1192 1198 hac
1211 1157 1456 1212 quaestione
1468 1157 1524 1199 ad
1541 1157 1580 1198 3.
1603 1165 1756 1213 quaest.
1776 1157 1843 1198 19.
1867 1165 1946 1200 art.
1965 1157 2004 1199 4.
2023 1156 2145 1210 Sunt,
2168 1157 2241 1212 qui

300 1214 475 1256 eandem
508 1215 726 1271 attingunt
747 1215 791 1256 in
811 1223 923 1258 tract.
952 1216 1002 1257 de
1026 1216 1206 1271 Anyetis,
1223 1216 1334 1258 inter
1351 1230 1455 1270 quos
1474 1217 1665 1258 Becanus
1687 1216 1734 1257 in
1761 1216 1896 1258 Theot.
1916 1215 2115 1260 Scliolast.
2130 1224 2240 1271 part.

300 1273 338 1315 1.
354 1281 463 1327 part.
481 1274 520 1315 3.
538 1288 625 1329 cap.
645 1275 684 1316 2.
707 1282 861 1330 quaest.
880 1275 919 1316 4.
940 1275 1111 1317 Zwarez
1131 1277 1275 1317 tamen
1295 1289 1372 1329 pro
1393 1275 1603 1317 contraria
1634 1275 1844 1316 sententia
1875 1289 1925 1317 ex
1951 1275 2139 1329 professo
2156 1275 2241 1317 dis-

298 1334 421 1386 putat
452 1333 508 1375 ad
538 1334 577 1374 3.
607 1341 763 1388 quaest.
792 1334 858 1375 12.
892 1334 1006 1376 artic.
1039 1334 1080 1376 4.
1119 1342 1214 1376 tom.
1237 1334 1274 1375 1.
1297 1334 1405 1389 disp.
1424 1334 1493 1376 42.
1511 1341 1600 1376 sect.
1622 1333 1660 1375 1.
1682 1332 1814 1388 ‹ftpro
1832 1349 1875 1376 se
1893 1334 1996 1376 citat
2024 1334 2241 1386 Thomam,

298 1390 526 1443 Albertum,
566 1391 854 1444 Catliarinum,
894 1392 1152 1442 Galatinum‚
1189 1392 1426 1444 Arboream,
1470 1392 1725 1448 Viyucrium,
1743 1394 1824 1435 Jac.
1844 1393 1893 1435 de
1919 1393 2116 1445 Valentia,
2136 1392 2241 1436 Nac-

300 1451 475 1501 tantum,
510 1451 768 1494 Melchiorem
799 1452 1007 1494 Flavium.
1039 1451 1203 1494 Ibidem
1219 1454 1361 1493 tamen
1378 1466 1476 1507 pag.
1496 1452 1593 1493 656.
1617 1451 1676 1493 sic
1693 1451 1902 1507 loquitur:
1926 1453 1977 1494 Et
1999 1465 2243 1509 quanquam

300 1510 364 1563 (ut
394 1523 539 1552 verum
570 1510 720 1565 fatear)
758 1524 888 1566 neque
913 1525 963 1553 coc
997 1511 1226 1566 Scripturis
1252 1511 1395 1562 sacris,
1413 1525 1543 1567 neque
1558 1525 1607 1553 cx
1622 1511 1776 1553 sanctis
1795 1510 1990 1553 Patribus
2002 1511 2132 1565 possit
2148 1511 2246 1553 haec

299 1568 496 1610 sententia
512 1570 726 1626 efficaciter
746 1570 943 1621 convinci,
959 1578 1135 1624 possunt
1157 1577 1295 1613 tamen
1310 1584 1360 1612 em
1380 1571 1463 1613 iltis
1479 1570 1633 1612 adduci
1648 1583 1735 1611 non
1756 1570 2072 1612 contemnendae
2091 1570 2243 1625 conjec-

302 1634 431 1679 turae,
448 1641 552 1683 qaae
568 1630 808 1683 conjunctae
824 1643 918 1671 cum
939 1629 1005 1681 iis,
1024 1643 1130 1685 quae
1145 1630 1194 1671 de
1213 1629 1365 1673 Christi
1378 1629 1752 1685 praedestinatione
1768 1629 1814 1671 in
1831 1629 2118 1684 superioribus
2135 1628 2242 1671 dicta

299 1693 409 1735 sunt,
431 1700 522 1728 eam
537 1688 654 1730 valde
669 1688 922 1744 probabilem
938 1689 1172 1730 ostendunt.
1195 1687 1456 1730 Stramineas
1473 1688 1742 1743 probationes
1759 1688 1900 1730 videat
1920 1688 1995 1740 ibi,
2023 1688 2091 1730 cui
2107 1689 2242 1739 vacat,

305 1747 379 1786 aut
412 1745 624 1800 epitomen
657 1762 802 1789 earum
835 1748 947 1802 apud
975 1748 1190 1790 Becanum
1205 1755 1317 1802 part.
1343 1747 1380 1788 1.
1401 1747 1587 1802 Theoloq.
1605 1747 1803 1789 Scliolast.
1837 1754 1933 1789 tom.
1956 1747 1993 1789 1.
2014 1754 2129 1789 tract.
2148 1748 2188 1788 3.
2210 1760 2242 1788 c.

300 1817 389 1858 cap.
420 1805 458 1846 2.
494 1813 648 1861 quaest.
674 1806 713 1847 4.
752 1805 873 1848 Alias
905 1807 1108 1861 quasdam
1139 1806 1324 1848 rationes
1341 1805 1500 1848 refutat
1524 1806 1734 1849 Gomarus
1750 1806 1797 1847 in
1816 1806 1964 1849 Coloss.
1987 1810 2026 1847 1.
2044 1819 2148 1848 vers.
2173 1805 2242 1846 20.

301 1860 408 1903 Sunt
426 1863 553 1905 etiam
576 1879 626 1906 ex
657 1865 825 1916 nostris,
844 1865 918 1920 qui
935 1880 1031 1907 cum
1048 1865 1316 1907 distinctione
1339 1864 1554 1907 Christum
1571 1864 1734 1906 faciunt
1751 1863 2031 1906 Mediatorem
2047 1863 2243 1919 Angelo-

300 1935 408 1963 rum.
440 1920 522 1963 Sed
539 1923 588 1965 de
605 1923 685 1966 hac
707 1924 903 1978 opinione
921 1924 1184 1966 conclusione
1202 1924 1408 1978 sequenti.
1441 1923 1558 1965 Inter
1573 1937 1702 1965 novos
1729 1923 2007 1965 Photinianos
2046 1923 2245 1966 Volkelius

302 1980 435 2022 Instit.
469 1981 535 2025 tib.
566 1982 605 2024 5.
633 1996 722 2038 cap.
744 1983 811 2025 10.
827 1996 869 2038 p.
887 1983 987 2024 448.
1010 1983 1108 2024 449.
1144 1982 1330 2038 Angelos
1347 1982 1590 2024 hominibus
1608 1982 1801 2023 fidelibus
1819 1996 1894 2036 per
1911 1981 2126 2024 Christum
2157 1980 2243 2023 Do-

301 2038 463 2081 minum
495 2041 524 2083 &
541 2044 668 2096 caput
685 2043 710 2083 a
727 2041 911 2083 dominio
928 2041 1089 2096 peccati
1106 2041 1312 2094 liberatis,
1331 2041 1420 2083 sine
1439 2041 1526 2083 ulla
1544 2040 1811 2082 distinctione
1824 2042 2027 2082 accenset.
2047 2039 2129 2082 Sed
2144 2039 2248 2082 haec

302 2097 443 2151 opinio
475 2099 592 2140 nullo
614 2098 858 2155 Scripturae
889 2100 1134 2143 testimonio
1165 2100 1337 2155 probari
1368 2102 1521 2155 potest.
1555 2100 1594 2141 3.
1631 2101 1764 2142 Conci.
1789 2099 1908 2148 Quod
1941 2099 1993 2141 ad
2020 2098 2246 2154 specialem

301 2157 485 2211 gratiam
516 2158 858 2210 confirmationis,
890 2174 966 2201 nec
987 2174 1070 2201 non
1088 2159 1208 2215 [pag.
1228 2159 1335 2215 264]
1354 2159 1538 2214 gratiam
1555 2158 1862 2213 applicationis,
1882 2159 1911 2201 &
1928 2157 2245 2212 praemotionis,

303 2229 396 2256 eam
417 2231 468 2257 ex
484 2216 665 2269 liberali,
682 2218 908 2268 immerito,
927 2222 955 2258 δι
972 2218 1106 2260 libero
1124 2218 1207 2260 Dei
1222 2218 1486 2272 beneplacito
1502 2217 1555 2259 iis
1572 2217 1785 2269 collatam,
1802 2217 2031 2259 secundum
2057 2215 2246 2271 Scriptu-

303 2280 370 2315 ras
388 2274 663 2318 affirmamus.
695 2275 823 2319 Ratio
844 2279 988 2319 nostra
1009 2276 1113 2319 haec
1130 2277 1254 2319 unica
1272 2279 1336 2318 est
1353 2276 1383 2318 &
1405 2275 1776 2327 sufficientissima,
1810 2274 1918 2325 Quia
1934 2274 2152 2329 Scriptura
2168 2274 2248 2316 hoc

303 2331 462 2374 factum
484 2348 574 2376 esse
595 2335 750 2377 nullibi
771 2336 909 2377 docet:
929 2336 1121 2390 quamvis
1153 2335 1337 2377 nolimus
1363 2335 1642 2377 determinare
1669 2337 1813 2376 contra
1830 2334 1891 2376 rei
1907 2333 2247 2388 possibilitatem.

304 2390 632 2436 Affirmantibus
663 2394 732 2436 hic
758 2394 965 2436 incumbit
1000 2394 1210 2448 probatio.
1243 2393 1352 2436 Sunt
1383 2408 1434 2435 ex
1465 2393 1634 2445 nostris,
1662 2393 1735 2447 qui
1752 2392 1989 2442 affirmant;
2011 2392 2122 2434 inter
2144 2406 2247 2445 quos

311 2451 477 2493 Tilenus
500 2466 596 2507 paq.
636 2453 674 2494 2.
713 2453 930 2508 Syntaqm.
963 2466 1050 2507 cap.
1077 2454 1145 2495 10.
1173 2454 1360 2495 Potanus
1389 2452 1456 2494 lib.
1475 2452 1515 2494 6.
1532 2466 1621 2507 cap.
1640 2453 1709 2493 27.
1727 2452 2015 2494 Davenantius
2032 2451 2078 2492 in
2097 2451 2248 2492 Cotoss.

308 2509 345 2550 1.
384 2511 453 2550 20.
492 2512 521 2553 δι
565 2512 732 2554 Waleus
754 2512 800 2553 in
830 2512 1011 2568 Synopsi
1041 2512 1230 2554 Leidensi
1246 2512 1352 2565 disp.
1375 2512 1440 2552 12.
1459 2512 1632 2554 Daneus
1648 2511 1694 2553 in
1715 2511 1752 2552 1.
1777 2510 1978 2553 Thimoth.
2003 2508 2041 2550 5.
2059 2508 2247 2552 vers.21.

306 2569 378 2609 ubi
411 2569 539 2610 etiam
576 2584 650 2624 pro
688 2585 731 2612 se
765 2570 868 2612 citat
902 2571 1185 2626 Auqustinum
1216 2570 1263 2612 in
1288 2570 1502 2612 Encliirid.
1539 2583 1626 2624 cap.
1652 2569 1720 2610 28.
1740 2569 2011 2611 Bernardum
2028 2568 2074 2609 in
2095 2566 2248 2609 Cantic.

307 2640 428 2668 serm.
463 2629 531 2669 22.
551 2629 617 2670 Sto.
641 2628 842 2671 Thomam
867 2629 904 2670 1.
922 2637 1076 2686 quaest.
1103 2630 1171 2670 23.
1190 2629 1305 2671 artic.
1327 2629 1364 2669 1.
1383 2627 1465 2670 Sed
1481 2643 1556 2670 nos
1573 2643 1668 2669 cum
1688 2629 1868 2671 Gomaro
1885 2627 1930 2669 in
1950 2627 2099 2669 Coloss.
2119 2626 2156 2667 1.
2179 2640 2249 2666 ne-

307 2686 426 2739 ganti
454 2686 699 2728 insistimus.
735 2687 979 2740 Rationum,
1002 2703 1106 2742 quas
1135 2689 1300 2731 Waleus
1331 2689 1414 2730 1000
1445 2688 1552 2730 citat.
1580 2687 1763 2738 adducit,
1781 2685 2033 2728 solutionem
2048 2684 2092 2725 in
2109 2684 2249 2738 ipsum

308 2744 605 2797 disputationis
636 2746 882 2788 exercitium
908 2761 1185 2788 reservamus.
1218 2745 1395 2788 Interim
1418 2745 1579 2788 consuli
1609 2747 1751 2800 potest
1788 2746 1997 2788 Gomarus
2019 2744 2101 2785 loco
2118 2743 2249 2785 citato.

309 2801 427 2853 Quod
459 2805 600 2845 autem
632 2804 803 2847 Daneus
834 2807 906 2849 toc.
938 2806 1061 2857 citat,
1093 2805 1319 2862 Auqustini
1350 2804 1635 2848 Enchiridion.
1653 2817 1741 2859 cap.
1765 2803 1834 2845 28.
1856 2816 1931 2857 pro
1948 2803 2025 2844 sua
2040 2800 2250 2900 senteritlzia

2146 2874 2171 2901 a
2207 2873 2249 2901 e-
