2399 3084
276 109 330 151 38
665 108 1074 150 D1sp.III.DE
1107 109 1255 150 ι11111111
1287 124 1348 150 ΕΤ
1380 109 1668 151 ζ111οΤ1ΤῙΑ
1701 111 1824 151 Dm.

277 245 370 272 cum
388 230 673 272 distinctione:
692 229 864 283 Absque
883 231 1038 272 intuitu
1055 232 1217 285 peccati
1226 234 1583 285 tanquamcausae
1593 233 2162 275 meritoriae&antecedentis
2171 233 2223 273 il-

280 289 360 330 lius
378 289 531 330 decreti
549 288 692 339 divini,
712 304 783 329 cur
800 288 868 330 hic
884 289 1021 330 minus
1036 291 1263 345 eligeretur
1280 292 1309 333 81
1326 290 1462 344 magis
1480 292 1776 344 reprobaretur
1793 307 1917 345 quam
1930 292 2021 339 ille;
2041 292 2145 332 Cum
2157 291 2222 331 in-

278 347 389 388 tuitu
401 347 561 400 peccati
574 349 775 400 tanquam
787 362 935 389 causae
945 349 1184 390 meritoriae
1195 351 1224 391 81
1237 349 1520 390 antecedentis
1529 350 1660 403 ipsius
1677 350 1969 400 damnationis,
1984 351 2012 392 81
2022 353 2223 403 tanquam

279 405 448 447 termini
472 420 543 446 seu
565 405 716 459 objecti
735 407 828 459 (pro
846 409 965 460 parte
984 407 1074 460 sua)
1104 407 1259 448 decreti
1282 408 1426 456 divini,
1445 422 1526 460 quo
1544 423 1616 449 seu
1634 409 1859 450 secundum
1883 409 1991 462 quod
2013 409 2223 462 permittit

277 466 494 517 peccatum
512 465 541 506 ὣ
559 464 741 504 destinat
759 464 809 505 ad
826 465 984 517 justam
1002 466 1312 507 damnationem
1330 468 1503 519 propter
1520 469 1750 519 peccatum.
1785 467 1862 508 Est
1885 481 1984 521 ergo
2003 469 2219 519 peccatum

282 537 406 563 causa
423 522 482 562 rei
500 522 667 572 volitae,
685 522 726 562 h.
746 537 780 563 e.
800 523 1093 572 damnationis,
1108 525 1272 565 sednon
1284 527 1347 565 est
1360 539 1484 565 causa
1497 525 1709 566 volitionis
1723 526 1901 576 divinae,
1911 540 1984 566 seu
1992 524 2071 565 Dei
2082 526 2224 566 volen-

279 581 344 629 tis;
359 595 441 621 non
454 580 589 635 magis
607 595 732 634 quam
744 581 844 622 fides
862 596 967 634 quae
987 584 1048 622 est
1061 598 1184 623 causa
1201 583 1536 624 instrumentalis
1550 583 1863 637 justificationis
1882 586 2050 624 nostrae
2063 585 2091 625 81
2110 584 2222 624 salu-

278 639 447 689 tis,ideo
465 653 588 680 causa
608 642 670 680 est
693 639 907 680 electionis
926 640 977 680 ad
995 641 1190 682 salutem.
1209 640 1448 696 Diligenter
1465 641 1535 682 hic
1556 643 1784 683 notandum
1805 642 1970 683 axioma
1993 641 2221 682 scholasti-

279 711 441 738 corum:
475 697 588 739 Deus
620 698 705 739 vult
737 698 810 738 hoc
839 706 1011 753 propter
1042 699 1127 748 1100,
1160 700 1239 741 Sed
1255 713 1339 741 non
1360 708 1531 754 propter
1547 701 1620 741 hoc
1636 703 1721 743 «vult
1740 701 1824 742 1100.
1860 699 1929 742 Sic
1951 699 2066 741 Deus
2086 701 2179 741 vult
2196 701 2225 741 81

279 755 463 796 decernit
495 755 550 796 N.
584 756 781 796 damnare
800 760 970 810 propter
990 760 1222 810 peccatum.
1243 758 1361 806 Quod
1379 759 1413 799 si
1435 757 1481 795 τὸ
1498 768 1669 814 propter
1682 767 1891 814 peccatam
1905 760 2110 813 jungatur
2128 774 2223 799 011111

281 818 336 863 τῲ
370 815 488 862 velle‚·
520 829 593 855 seu
625 817 806 868 ponatur
839 830 965 869 super
992 814 1037 852 τὸ
1064 818 1159 859 velle
1190 825 1262 859 αιιι
1279 818 1490 859 decernere
1506 818 1600 869 Dei,
1620 818 1794 859 dicimus
1813 833 1901 859 esse
1924 817 2103 858 falsum:
2129 817 2227 870 quia

279 874 490 914 decretum
513 887 585 914 seu
601 873 793 914 voluntas
811 873 890 914 Dei
907 874 949 914 in
966 890 1009 916 se
1031 878 1220 928 spectata
1237 876 1399 917 nullam
1422 877 1552 918 habet
1569 892 1751 928 causam,
1769 877 1934 918 nullum
1957 876 2220 926 antecedens,

280 931 387 972 nihil
404 946 446 972 se
464 931 601 985 prius;
620 931 727 971 nihil
747 933 770 972 a
787 946 868 985 quo
889 934 1084 986 pendeat,
1103 935 1417 986 determinetur,
1436 935 1656 986 limitetur,
1680 935 2013 976 conditionetur:
2035 934 2225 987 quamvis

280 1005 344 1031 res
354 989 484 1030 volita
497 1004 570 1030 seu
580 990 744 1030 decreta
755 1005 837 1031 una
850 991 1082 1045 dependeat
1095 993 1147 1033 ab
1162 993 1244 1034 alia
1256 995 1458 1046 tanquam
1468 997 1592 1035 causa
1605 996 1677 1035 aut
1690 994 1924 1035 conditione
1938 993 2224 1034 antecedente.

283 1048 364 1090 Sed
382 1048 416 1089 si
431 1046 477 1084 τὸ
494 1055 664 1102 propter
680 1057 887 1102 peecaemn.
900 1051 1104 1105 jungatur
1122 1067 1215 1093 cum
1232 1056 1288 1101 τῷ
1303 1053 1520 1104 flammare,
1539 1053 1715 1094 dicimus
1734 1068 1821 1093 esse
1839 1052 2069 1093 verissima.
2095 1050 2227 1092 Sicuti

282 1107 395 1148 Deus
409 1107 589 1148 decrevit
607 1122 680 1161 per
693 1108 816 1148 fidem
829 1108 991 1150 salvare
1009 1109 1181 1151 Petrum
1201 1114 1273 1152 aut
1289 1110 1491 1152 Paulum:
1512 1114 1557 1152 ut
1570 1126 1646 1166 per
1662 1112 1785 1167 sidem
1797 1112 1869 1165 jun
1877 1113 2002 1165 gatur
2020 1125 2113 1151 cum
2136 1111 2226 1151 sal-

287 1179 394 1214 vare,
407 1168 610 1219 tanquam
623 1180 747 1206 causa
759 1166 787 1206 &
800 1167 981 1208 conditio
994 1169 1240 1210 antecedens
1253 1170 1376 1210 saluti
1382 1185 1413 1219 s,
1426 1185 1507 1210 11011
1521 1185 1616 1211 vero
1630 1185 1723 1211 cum
1736 1170 1956 1212 decernere.
1970 1168 2019 1210 In
2036 1169 2115 1209 hoc
2128 1182 2227 1223 ergo

283 1224 444 1278 objecto
473 1224 780 1277 reprobationis
812 1225 949 1266 locum
972 1227 1067 1267 finis
1086 1227 1248 1269 obtinet
1266 1228 1493 1270 illustratio
1510 1229 1669 1284 gloriae
1683 1228 1873 1282 justitiae
1888 1244 1896 1277 ;
1914 1228 2051 1269 10011111
2069 1227 2227 1268 11101110-

284 1297 376 1323 rum
396 1283 433 1323 1.
448 1283 563 1336 justa
583 1283 795 1324 damnatio
818 1287 990 1338 propter
1012 1289 1243 1339 peccatum,
1264 1288 1302 1327 2.
1323 1287 1442 1340 eique
1460 1288 1649 1340 proxime
1667 1287 1939 1328 subordinata
1958 1288 2021 1341 (ut
2038 1285 2228 1339 plerique

285 1340 495 1394 statuunt)
528 1343 601 1382 aut
633 1342 887 1392 coordinata,
912 1346 957 1383 ut
974 1344 1124 1385 statuit
1148 1346 1338 1396 Twisszoe,
1358 1346 1578 1399 permissio
1600 1346 1773 1399 peccati.
1795 1346 1834 1386 3.
1858 1360 1984 1398 quani
2003 1344 2227 1398 praecedit,

287 1401 315 1441 &
338 1399 404 1440 cui
422 1399 464 1440 in
484 1399 626 1440 ordine
650 1400 805 1441 decreti
828 1401 1124 1444 subordinatur
1141 1404 1295 1444 creatio
1313 1404 1510 1445 hominis.
1533 1404 1654 1445 Hanc
1672 1404 1783 1445 enim
1806 1419 1855 1444 ex
1874 1403 1979 1444 serie
1997 1402 2228 1456 praedesti-

284 1457 466 1498 nationis
480 1458 696 1500 excludere
710 1474 791 1499 non
803 1463 991 1513 possunt,
1006 1461 1077 1514 qui
1089 1461 1164 1502 illa
1176 1462 1387 1503 axiomata
1399 1463 1615 1504 nobiscum
1628 1463 1823 1504 retinent:
1838 1461 1975 1503 Deum
1988 1461 2095 1502 nihil
2108 1461 2228 1511 velle,

285 1515 474 1569 nihilque
493 1530 617 1570 agere
634 1516 790 1558 frustra
809 1519 880 1558 sed
896 1521 1007 1560 certo
1024 1520 1126 1561 fine:
1146 1520 1283 1562 Deum
1300 1524 1375 1562 sua
1391 1521 1622 1562 intentione
1644 1536 1727 1562 non
1746 1521 1954 1562 excidere:
1974 1520 2123 1561 Finem
2140 1534 2229 1561 esse

286 1574 471 1628 primum
503 1574 749 1626 intenti‹‘›ne,
769 1577 797 1618 81
817 1577 1013 1618 ultimum
1031 1579 1288 1621 executione.
1319 1579 1436 1628 Quod
1449 1580 1483 1620 si
1500 1595 1667 1621 omnem
1685 1580 1905 1621 veritatem
1923 1594 2006 1619 non
2023 1581 2184 1632 ponunt
2201 1579 2229 1619 81

290 1632 555 1683 exhauriunt,
576 1635 648 1674 aut
663 1637 835 1688 propter
852 1635 1109 1677 adversarios
1128 1637 1338 1679 abstinere
1350 1639 1526 1689 malunt,
1540 1639 1769 1679 omittendo
1782 1640 1922 1692 partes
1935 1640 2007 1678 aut
2018 1638 2230 1677 momenta

294 1691 498 1744 quaedam
531 1691 573 1731 in
608 1691 770 1745 objecto
800 1694 1195 1747 praedestinationis
1211 1712 1218 1744 ;
1252 1696 1375 1737 facile
1412 1696 1586 1738 ferimus
1623 1712 1691 1738 eos
1724 1712 1798 1738 suo
1832 1696 1916 1737 frui
1928 1695 2098 1750 judicio,
2117 1696 2145 1737 &
2162 1694 2232 1735 hic

293 1749 532 1790 subsistere:
547 1750 668 1790 modo
687 1751 917 1807 [pag.357]
937 1755 1092 1794 temere
1110 1769 1189 1795 non
1210 1755 1507 1796 condemnetur
1525 1755 1731 1796 sententia
1750 1757 1813 1796 tot
1825 1770 1872 1796 ac
1884 1757 2098 1795 tantorum
2110 1753 2230 1794 theo-

292 1808 497 1862 logorum,
532 1808 603 1861 qui
621 1823 748 1862 supra
765 1810 930 1863 lapsum
953 1812 1203 1860 ascendunt3
1222 1813 1471 1866 praesertim
1488 1829 1579 1855 cum
1599 1814 1856 1867 superiorem
1874 1813 1994 1854 illum
2014 1827 2230 1853 ascensum

289 1866 591 1920 praescindere,
625 1868 777 1908 nedum
804 1869 926 1921 juxta
948 1884 1042 1910 cum
1064 1871 1157 1912 aliis
1177 1871 1457 1913 heterodoxiis
1481 1874 1509 1914 &⁷
1531 1872 1775 1926 periculosis
1793 1871 2043 1926 acurologiis
2060 1870 2230 1924 rejicere

289 1926 317 1966 &
356 1924 630 1966 condemnare
658 1926 841 1967 nolueris
874 1928 1049 1969 celebris
1082 1930 1263 1983 synodus
1297 1930 1538 1972 Nationalis
1557 1930 1825 1972 Dordracena
1843 1946 1908 1971 an.
1931 1930 2055 1970 1618.
2080 1929 2229 1978 1619.;

289 1982 479 2036 quamvis
501 1998 763 2025 communem
781 1986 1033 2027 sententiam
1051 1988 1099 2028 de
1124 1988 1324 2030 electione
1347 2004 1397 2030 ex
1419 1990 1536 2043 lapso
1553 2004 1705 2043 genere
1726 1989 1924 2037 humano,
1944 1987 2229 2042 proposuerit:

289 2041 342 2082 ad
373 2041 572 2083 vindicias
610 2043 840 2084 communis
875 2044 1021 2099 (etiam
1054 2046 1273 2100 laicorum)
1292 2047 1388 2088 fidei
1410 2048 1459 2088 de
1477 2048 1608 2088 solida
1624 2048 1705 2088 Dei
1727 2048 1866 2102 gratia
1888 2048 1916 2089 81
1935 2047 2126 2088 absoluta
2143 2047 2231 2099 ejus

290 2099 505 2140 voluntate
541 2103 684 2141 contra
717 2100 1024 2155 Hypotheticos
1062 2105 1091 2146 &
1113 2105 1236 2146 liberi
1257 2105 1423 2146 arbitrii
1440 2109 1651 2159 patronos.
1676 2105 2007 2160 Neo—pelagiani
2024 2107 2070 2146 ut
2087 2104 2230 2145 ortho-

291 2158 419 2198 doxae
433 2159 665 2200 sententiae
678 2160 817 2201 odium
831 2162 1052 2214 concitent,
1071 2163 1245 2205 subinde
1263 2164 1353 2205 voci
1365 2164 1663 2218 reprobationss
1680 2164 1942 2205 substituunt
1961 2178 2099 2205 vocem
2112 2163 2229 2204 dam-

293 2217 497 2258 nationis:
516 2217 617 2270 quin
636 2217 763 2259 immo
781 2220 1037 2261 contendunt
1052 2221 1224 2274 perinde
1238 2237 1326 2263 esse
1344 2222 1429 2263 sive
1453 2223 1552 2276 quid
1569 2223 1681 2263 dicas
1704 2223 1752 2263 de
1770 2222 2061 2276 reprobatione
2078 2221 2164 2262 sive
2182 2222 2231 2262 de

292 2274 540 2316 (lamatione.
555 2274 637 2316 Sed
653 2276 738 2317 illis
750 2278 1004 2331 reponimus,
1017 2279 1110 2333 pari
1128 2280 1290 2321 ratione
1308 2281 1526 2322 dicendum
1539 2296 1642 2331 esse,
1660 2296 1743 2322 non
1752 2281 1956 2335 distingui
1974 2281 2138 2322 decreta
2150 2279 2230 2320 Dei

292 2333 344 2373 ab
367 2334 608 2374 executione
636 2335 664 2376 81
681 2335 852 2388 perinde
871 2351 958 2377 esse
982 2337 1068 2378 sive
1091 2338 1190 2391 quid
1207 2338 1318 2379 dicas
1342 2339 1390 2380 de
1409 2340 1572 2380 decreto
1590 2339 1676 2380 sive
1695 2340 1743 2380 de
1761 2339 2025 2381 executione:
2045 2353 2079 2379 e.
2097 2352 2139 2393 g.
2158 2338 2229 2378 de·-

297 2393 455 2432 cretum
488 2393 655 2433 creandi
685 2394 887 2435 mundum
921 2398 983 2436 est
999 2396 1051 2436 ab
1075 2399 1258 2447 aeterno,
1287 2411 1385 2452 ergo
1403 2398 1432 2438 &
1451 2398 1605 2439 creatio
1623 2398 1785 2439 mundi:
1805 2400 1834 2440 81
1851 2398 2061 2439 viceversa
2078 2396 2231 2437 creatio

292 2449 403 2490 facta
421 2452 483 2491 est
499 2450 542 2490 in
560 2453 761 2505 tempore,
780 2467 881 2506 ergo
898 2454 927 2494 &
946 2454 1157 2495 decretum
1176 2455 1413 2497 creationis.
1445 2455 1623 2497 Nullum
1642 2457 1778 2498 adhuc
1795 2459 1858 2498 est
1871 2455 2074 2510 judicium
2093 2457 2229 2495 extre-

295 2522 422 2558 mum,
440 2509 662 2550 actualiter
679 2525 734 2551 sc.
755 2510 948 2552 existens:
969 2526 1068 2567 ergo
1078 2513 1241 2554 nullum
1256 2516 1318 2554 est
1328 2514 1474 2567 ]11(11011
1488 2515 1662 2555 extremi
1676 2515 1889 2556 decretum
1902 2514 2102 2554 divinum.
2116 2512 2230 2561 Quae

295 2565 434 2606 omnia
466 2570 563 2607 sunt
595 2568 905 2609 absurdissima.
941 2568 1022 2610 Sed
1053 2571 1284 2613 sententiae
1316 2572 1441 2626 hujus
1459 2573 1792 2626 superlapsariae
1810 2575 1875 2628 (ut
1900 2573 2129 2625 loquuntur
2146 2569 2230 2611 Re-

296 2625 488 2677 monstr.)
504 2625 715 2666 innoxiam
730 2627 758 2668 &
771 2630 959 2668 sanctam
973 2629 1192 2670 veritatem
1205 2631 1320 2671 nullo
1333 2631 1563 2684 scripturae
1581 2631 1703 2682 dicto,
1722 2632 1837 2672 nullo
1856 2630 2031 2672 sanioris
2049 2629 2230 2683 philoso—

296 2682 420 2735 phiae
434 2682 641 2724 axiomate
659 2687 732 2725 aut
750 2685 910 2726 ratione
927 2686 1129 2728 hactenus
1147 2692 1431 2743 expugnatam
1454 2691 1527 2730 aut
1545 2689 1870 2743 expugnabilem
1891 2688 2014 2729 facile
2032 2688 2232 2729 videbunt

293 2740 494 2794 juniores,
514 2741 547 2782 si
566 2742 687 2782 modo
705 2743 757 2783 ab
776 2744 1151 2787 exclamationibus
1169 2747 1198 2787 81
1216 2748 1367 2784 πάθεσι
1390 2747 1608 2789 rhetoricis
1628 2748 1679 2788 ad
1699 2749 1841 2795 λόγους
1856 2748 1885 2788 81
1907 2746 2094 2801 praecisa
2106 2759 2231 2800 argu-

298 2799 602 2842 mentationum
612 2804 765 2855 puncta
778 2803 1035 2844 adversarios
1049 2818 1144 2845 suos
1156 2808 1362 2846 revocent.
1378 2804 1524 2847 Rever.
1540 2807 1569 2849 81
1582 2806 1689 2849 doct.
1703 2806 1880 2848 editores
1893 2820 2065 2859 operum
2079 2803 2232 2845 summi

2091 2862 2229 2903 Theo-
