2399 3084
279 126 420 167 D1sp.
453 125 572 167 VIII.
605 125 676 166 DE
709 125 945 166 PssnsoNA
979 124 1199 166 Cunis'rr
1231 124 1579 166 MEDIATORIS.
1614 126 1745 167 PARS
1779 127 1854 168 ΙΙΙ.
1947 130 2025 169 241

103 250 277 288 naturae
295 249 486 301 respectu
504 247 670 301 proprie
692 248 721 289 81
743 246 977 288 formaliter
993 246 1177 287 divinam
1201 261 1276 288 seu
1297 247 1562 302 religiosaim
1586 248 1739 303 quippe
1769 264 1875 303 quae
1898 251 2029 305 ipsius

104 320 304 359 personae
322 305 525 346 tribuitur
544 307 628 359 qua
643 305 732 346 Deo

162 362 209 408 4.
232 363 283 404 V.
307 363 441 405 Probl.
461 364 527 404 An
545 364 755 416 maiestas,
769 362 925 413 Gloria,
944 362 1176 405 &Potestas
1193 363 1349 404 Christi
1363 364 1601 405 mediatoris
1619 367 1701 418 qua
1718 365 1797 406 Dei
1820 367 2032 418 ἑμοουσίσυ,

104 436 176 463 8011
197 421 240 462 in
274 436 316 462 se
350 422 378 462 81
404 421 594 462 absolute
612 421 800 475 spectati,
826 424 1015 462 accurate
1034 436 1197 474 semper
1214 422 1416 475 distingui
1439 423 1588 463 debeat
1607 425 1629 462 a
1646 424 1878 475 majestate,
1898 425 2033 479 gloria

104 481 133 521 &
149 482 357 532 potestate
376 480 559 533 ejusdem
577 482 659 532 qua
676 479 930 529 mediatoris,
949 494 1022 520 seu
1039 494 1145 532 quae
1163 479 1362 533 competit
1379 480 1441 520 illi
1465 481 1541 520 sub
1560 480 1632 521 illo
1652 481 1821 522 formali
1845 485 1927 535 qua
1946 499 2030 524 1110-

104 537 250 578 diator.
288 539 332 580 R.
367 538 450 593 Ass.
483 537 598 585 Quae
631 538 742 578 enim
775 537 989 578 attributis
1009 538 1214 578 distinctis
1240 540 1269 579 81
1287 538 1489 591 oppositis
1509 539 1825 593 distinguuntur
1842 540 1884 580 in
1902 542 2031 582 sacris

106 595 251 646 literis,
290 610 338 636 ea
375 598 567 636 accurate
600 596 629 637 81
665 595 841 636 sollicite
863 596 1089 636 secundum
1119 596 1194 635 illa
1226 596 1521 649 distinguenda
1540 599 1649 636 sunt.
1685 597 1906 638 Tribuitur
1923 600 2034 639 enim

104 653 240 693 Priori
274 654 382 706 quod
414 653 468 694 sit
500 654 647 706 prima,
666 653 959 706 independens,
984 656 1168 704 aeterna,
1193 653 1441 704 essentialis,
1459 655 1679 705 naturalis,
1700 657 1935 697 necessaria
1957 672 2032 711 per

106 711 329 752 essentiam
354 713 383 753 81
415 714 610 751 naturam
647 711 831 752 divinam
864 725 945 764 qua
977 712 1120 762 talem,
1138 711 1249 765 patri
1266 711 1353 752 filio
1371 716 1397 750 ἃ
1416 712 1583 765 spiritui
1615 716 1756 754 sancto
1775 729 1857 754 una
1875 715 1903 755 &
1922 730 2034 756 com-

105 769 264 810 munis:
298 769 519 822 posteriori
552 784 661 821 vero,
699 770 808 822 quod
836 769 890 810 sit
914 769 1197 821 subordinata,
1215 770 1485 823 temporaria,
1504 771 1744 821 accessoria,
1769 771 1901 812 libera
1919 775 2034 826 per&

105 828 330 868 secundum
361 827 641 868 voluntariam
667 827 747 867 Dei
783 827 1149 880 dispensationem,
1188 828 1348 881 solique
1386 828 1472 868 filio
1500 832 1752 882 competens,
1776 845 1860 870 11011
1876 831 1987 883 patri
2006 833 2034 873 &

105 885 282 939 Spiritui
315 885 357 926 S.
395 885 639 934 communis,
679 885 833 938 quippe
872 885 942 938 qui
969 900 1184 938 nunquam
1211 886 1461 926 mediatores
1479 886 1579 927 facti
1598 890 1706 934 sunt,
1725 902 1800 928 nec
1817 889 2036 939 exinaniti,

104 958 179 984 nec
200 943 427 994 humiliati,
459 958 534 984 nec
570 946 870 996 consequenter
903 944 1075 983 exaltati
1108 944 1137 984 &
1165 944 1295 984 evecti
1328 944 1378 984 ad
1407 944 1595 985 dextram
1612 944 1703 986 Dei.
1738 945 1858 987 Certe
1882 947 1953 1000 qui
1969 947 2037 988 hic

107 1002 417 1042 distinctionem
449 1004 624 1055 negaret
656 1003 680 1041 a
706 1004 824 1054 parte
850 1001 909 1042 rei
927 1016 999 1042 seu
1023 1002 1177 1042 realem
1204 1002 1302 1056 (late
1320 1002 1406 1042 scil.
1430 1004 1644 1056 sumtam,)
1663 1004 1692 1044 81
1710 1004 1842 1044 solam
1860 1005 2036 1045 rationis

105 1060 407 1110 ratiocinantis,
441 1074 547 1113 quae
580 1059 634 1100 sit
660 1062 800 1100 mente
820 1062 975 1110 nostra,
995 1060 1248 1110 admitteret,
1271 1060 1305 1100 is
1330 1060 1650 1113 explicationem
1663 1062 1828 1102 articuli
1846 1063 1894 1103 de
1912 1064 2036 1104 sessi-

105 1133 182 1158 one
215 1117 370 1158 Christi
403 1119 455 1158 ad
487 1118 676 1158 dextram
698 1117 777 1158 Dei
794 1121 1090 1170 corrumperet,
1119 1119 1147 1159 81
1161 1118 1390 1159 defensioni
1410 1119 1597 1160 veritatis
1620 1123 1763 1160 contra
1781 1120 2035 1172 Socinianos,

107 1191 153 1217 ac
170 1175 444 1226 Lutheranos,
465 1179 510 1216 ut
529 1177 557 1218 81
576 1175 763 1216 vindiciis
781 1175 1035 1216 orthodoxae
1053 1176 1342 1229 explicationis
1361 1176 1441 1217 loci
1462 1177 1512 1217 ad
1529 1177 1708 1231 Philipp.
1731 1179 1768 1219 2.
1787 1193 1869 1219 11011
1887 1194 2034 1232 parum

105 1234 421 1288 praejudicaret.
456 1233 574 1282 Quod
606 1234 640 1274 si
677 1234 770 1287 quis
800 1233 869 1274 hic
898 1237 1130 1287 praetexat,
1160 1249 1288 1274 unum
1320 1235 1579 1288 eundemque
1614 1250 1701 1276 esse
1727 1236 1955 1289 Christum,
1972 1238 2037 1279 0111

107 1296 283 1346 utraque
316 1293 418 1333 haec
445 1292 580 1346 gloria
603 1294 631 1334 81
650 1292 874 1333 exellentia
891 1292 1105 1342 tribuitur,
1126 1294 1155 1334 81
1172 1295 1254 1333 11011
1272 1307 1394 1346 posse
1412 1293 1488 1333 lias
1506 1293 1549 1333 in
1567 1308 1648 1334 uno
1665 1294 1738 1334 illo
1761 1295 1948 1347 subjecto
1973 1297 2036 1336 di-

106 1351 218 1402 velli,
242 1350 382 1401 dividi,
416 1350 624 1404 separari:
660 1365 752 1391 eum
787 1350 943 1391 frustra
977 1351 1167 1391 laborare
1200 1351 1499 1392 contendimus.
1533 1351 1889 1406 Distinguendum
1926 1354 2037 1394 enim

106 1409 215 1449 inter
247 1409 492 1449 divisionem
519 1409 547 1450 81
575 1409 881 1462 separationem
914 1412 987 1449 aut
1023 1409 1298 1449 divulsionem
1331 1424 1474 1450 eorum
1506 1424 1612 1463 quae
1635 1411 1759 1451 simul
1783 1412 1937 1452 suntin
1955 1427 2038 1453 11110

109 1468 335 1520 eodemque
353 1467 519 1508 Christo
536 1468 779 1517 mediatore,
798 1468 826 1508 &
849 1467 958 1507 inter
981 1470 1219 1508 accuratam
1237 1468 1460 1508 eorundem
1484 1468 1805 1510 distinctionem.
1825 1469 2038 1518 Quomodo

109 1528 300 1566 accurate
318 1525 583 1579 distinguunt
600 1525 788 1579 theologi
805 1525 914 1566 inter
931 1525 1158 1566 humanam
1177 1528 1372 1566 naturam
1384 1526 1427 1566 in
1440 1526 1620 1577 Christo,
1634 1527 1781 1569 &inter
1793 1528 1989 1577 divinam,
2009 1529 2038 1570 81

107 1584 217 1625 inter
225 1584 739 1637 utriusqueproprietates,
754 1598 800 1624 ac
809 1584 999 1637 proprias
1011 1582 1248 1632 ἐνεργεὶκς111
1261 1599 1343 1625 una
1356 1599 1531 1638 persona
1543 1585 1783 1626 mediatoris
1796 1587 1825 1628 81
1836 1586 1876 1626 in
1891 1587 2039 1628 iisdem

108 1642 422 1696 apotelesmatis
439 1642 693 1683 theandricis
711 1656 783 1682 seu
800 1642 1069 1683 mediatoriis.
1104 1642 1318 1691 Quomodo
1338 1643 1465 1683 etiam
1484 1644 1749 1698 distinguunt
1766 1645 1875 1685 inter
1896 1660 2037 1698 perso-

108 1715 206 1741 nam
237 1714 283 1740 ac
315 1700 658 1753 personalitatem
693 1700 850 1741 Christi
875 1702 921 1740 ut
953 1700 1022 1749 sic,
1038 1702 1066 1742 81
1089 1701 1199 1742 111101·
1217 1703 1437 1754 utramque
1461 1704 1656 1742 naturam
1673 1702 1817 1752 111810;
1837 1704 1865 1744 81
1885 1718 2034 1744 001180-

109 1761 284 1812 quenter
306 1758 490 1799 limitant
521 1758 760 1812 praedicata
787 1758 972 1798 omnium
990 1773 1132 1799 eorum
1151 1760 1375 1799 secundum
1394 1760 1582 1813 proprias
1601 1774 1787 1813 quasque
1800 1760 2035 1802 formalita-

107 1820 171 1857 tes
198 1818 226 1858 81
243 1817 426 1857 rationes
443 1816 641 1857 formales
656 1831 664 1865 ;
682 1831 757 1857 1100
779 1831 964 1870 unquam
987 1817 1215 1857 admittunt
1237 1817 1442 1858 rationem
1459 1818 1678 1858 formalem
1706 1818 1829 1859 unius
1842 1819 2039 1860 confundi

108 1889 202 1916 cum
231 1875 392 1915 ratione
423 1874 592 1915 formali
628 1874 813 1915 alterius.
847 1874 912 1915 Ne
945 1875 1106 1916 dicatur
1137 1875 1327 1916 Christus
1361 1878 1423 1916 est
1439 1875 1564 1916 homo
1582 1878 1610 1918 81
1628 1877 1738 1917 filius
1762 1877 1942 1918 hominis
1960 1879 2036 1918 sub

107 1933 181 1974 illo
203 1932 371 1973 formali
393 1935 475 1986 qua
496 1933 634 1982 Deus3
654 1935 726 1973 aut
742 1947 793 1973 ne
811 1933 972 1973 dicatur
990 1933 1181 1974 Christus
1205 1936 1267 1974 est
1286 1933 1412 1984 Dens,
1444 1937 1506 1974 est
1528 1934 1803 1988 omnipotens,
1823 1938 1886 1976 est
1903 1938 2038 1976 aeter-

107 2006 198 2040 nus,
237 1994 300 2032 est
335 1991 572 2041 omniscius,
605 1993 668 2032 est
693 1990 854 2044 primus
887 1991 915 2032 &
948 1991 1135 2042 ultimus,
1165 1995 1227 2032 est
1245 1992 1434 2032 absolute
1451 1993 1744 2046 independens,
1770 1995 1845 2033 sub
1864 1994 1936 2034 illo
1953 1994 2041 2034 for-

108 2049 209 2089 mali
235 2051 318 2102 qua
344 2049 482 2100 homo,
508 2052 590 2102 qua
611 2049 828 2090 mediator.
862 2048 949 2090 Aut
967 2049 1037 2100 sic,
1058 2049 1225 2091 Christo
1239 2050 1440 2103 competit
1462 2053 1632 2091 aeterna
1655 2051 1807 2101 divina,
1826 2066 2035 2105 suprema,

109 2107 403 2160 independens,
438 2107 686 2157 essentialis,
720 2107 925 2148 naturalis
957 2108 1106 2162 gloria,
1126 2109 1322 2161 majestas
1341 2110 1404 2150 &c.
1424 2109 1500 2149 sub
1519 2109 1590 2149 illo
1609 2108 1777 2149 formali
1796 2110 1914 2164 [pag.
1936 2110 2037 2166 335]

109 2167 192 2218 qua
207 2165 428 2206 mediator:
447 2168 519 2205 aut
540 2165 628 2206 vice
645 2180 777 2215 versa,
798 2165 963 2206 Christo
983 2166 1182 2219 competit
1199 2167 1464 2219 temporaria,
1486 2167 1728 2217 adventitia,
1752 2168 2036 2219 subordinata,

110 2224 357 2276 dependens,
391 2223 652 2264 oeconomica
684 2223 831 2277 gloria,
864 2224 1074 2278 majestas,
1099 2225 1357 2275 excellentia,
1376 2224 1452 2265 sub
1470 2224 1544 2265 illo
1561 2225 1729 2265 formali
1746 2228 1827 2278 qua
1844 2228 2039 2267 aeternus

111 2280 237 2331 Deus,
273 2283 353 2334 qua
373 2281 539 2335 genitus
558 2295 607 2321 ex
625 2281 860 2322 substantia
877 2282 1020 2335 patris.
1055 2281 1275 2336 Nusquam
1293 2284 1434 2322 tamen
1455 2283 1643 2337 theologi
1660 2284 1791 2323 nostri
1809 2284 2038 2337 peculiares

110 2339 285 2380 istorum
302 2339 483 2379 rationes
499 2338 696 2379 formales
714 2339 931 2391 divellunt,
950 2343 1022 2380 aut
1039 2344 1247 2394 separant,
1266 2343 1338 2381 aut
1355 2341 1522 2381 tollunt.
1554 2340 1670 2382 Haec
1700 2342 1786 2395 jam
1815 2342 1917 2382 satis
1944 2357 2039 2395 per-

111 2397 252 2450 spicue
271 2399 294 2437 a
310 2397 443 2437 nobus
466 2397 672 2450 explicata
689 2397 718 2438 81
734 2398 910 2450 probata
928 2398 1120 2440 arbitror.
1154 2398 1198 2439 Si
1216 2399 1308 2451 quis
1321 2398 1484 2439 dubitet
1500 2399 1753 2451 periculosas
1775 2399 2037 2441 confusiones

111 2455 153 2495 in
186 2455 263 2496 hac
299 2455 541 2508 quaestione
569 2455 746 2508 duplicis
774 2457 803 2496 81
835 2455 887 2495 ab
915 2456 1093 2497 invicem
1125 2456 1345 2497 distinctae
1368 2456 1526 2510 gloriae
1545 2456 1701 2497 Christi
1718 2457 1972 2509 mediatoris,
1991 2461 2037 2499 ut

113 2513 238 2553 etiam
263 2513 439 2566 duplicis
467 2512 653 2561 dominii,
681 2513 733 2553 ab
762 2513 1002 2554 orthodoxis
1019 2514 1227 2568 theologis
1244 2515 1387 2567 procul
1407 2514 1585 2564 habitas,
1605 2515 1638 2555 is
1662 2516 1783 2556 adeat
1804 2516 2037 2570 Antagoni-

111 2573 197 2611 stas
229 2570 544 2611 Socinianorum
576 2572 605 2612 81
627 2569 979 2619 Lutheranorum;
1005 2574 1033 2613 81
1051 2572 1159 2612 inter
1176 2572 1424 2612 recentiores
1438 2574 1506 2613 Fr.
1524 2573 1699 2614 ιΙοωιὶιωη
1717 2574 1811 2615 locis
1828 2589 1955 2627 supra
1972 2576 2034 2616 cic.

111 2628 318 2682 imprimis
345 2628 627 2683 Polyandrum
659 2630 682 2668 a
714 2628 959 2670 Kerchoven
990 2630 1033 2671 in
1051 2630 1185 2683 prima
1203 2632 1424 2670 concertat.
1448 2644 1540 2670 cum
1560 2630 1791 2672 Socinianis
1808 2646 1895 2686 cap.
1916 2634 1983 2673 20.
2008 2634 2037 2675 &

114 2688 182 2728 21.
217 2687 429 2728 polanam
468 2686 534 2727 lib.
574 2687 611 2725 6.
645 2699 732 2739 cap.
767 2686 833 2727 31.
879 2687 1081 2728 Vedelium
1100 2688 1143 2728 in
1161 2695 1315 2742 quaest.
1344 2688 1391 2728 de
1416 2689 1497 2729 Deo
1514 2688 1552 2729 a·
1563 2689 1774 2740 creatione,
1793 2699 1944 2746 quaest.
1968 2692 2037 2732 43.

116 2743 188 2784 VI.
208 2745 349 2786 Probl.
369 2746 437 2785 An
454 2759 554 2785 sano
572 2758 695 2784 sensu
713 2744 794 2784 dici
811 2745 941 2797 possit
954 2745 1166 2786 Christum
1180 2746 1313 2785 filium
1331 2745 1422 2796 Dei,
1447 2761 1518 2786 seu
1538 2746 1672 2787 Deum
1690 2748 1837 2799 filium,
1857 2764 1929 2790 seu
1946 2764 2037 2802 per-

116 2816 259 2843 sonam
276 2803 353 2843 filii
370 2802 450 2844 Dei
472 2817 560 2843 esse
579 2801 782 2843 minorem
805 2805 937 2855 patre,
955 2817 1036 2843 non
1054 2806 1219 2843 tantum
1241 2818 1323 2857 qua
1344 2803 1557 2844 hominem
1575 2819 1647 2845 8011
1669 2807 1894 2847 secundum
1915 2810 2039 2847 natu-

1081 2865 1100 2900 1
1110 2865 1131 2902 6
1948 2879 2038 2906 ram
