<?xml version="1.0" encoding="UTF-8"?>
<!DOCTYPE html PUBLIC "-//W3C//DTD XHTML 1.0 Transitional//EN"
    "http://www.w3.org/TR/xhtml1/DTD/xhtml1-transitional.dtd">
<html xmlns="http://www.w3.org/1999/xhtml" xml:lang="en" lang="en">
 <head>
  <title>
</title>
<meta http-equiv="Content-Type" content="text/html;charset=utf-8" />
  <meta name='ocr-system' content='tesseract 3.04.00' />
  <meta name='ocr-capabilities' content='ocr_page ocr_carea ocr_par ocr_line ocrx_word'/>
</head>
<body>
  <div class='ocr_page' id='page_1' title='image "./gysbertivoetiise00voet_0017.png"; bbox 0 0 2399 3084; ppageno 0'>
   <div class='ocr_carea' id='block_1_1' title="bbox 183 2069 228 2108">
    <p class='ocr_par' dir='ltr' id='par_1_1' title="bbox 183 2069 228 2108">
     <span class='ocr_line' id='line_1_1' title="bbox 183 2069 228 2108; baseline 0 -1"><span class='ocrx_word' id='word_1_1' title='bbox 183 2069 228 2108; x_wconf 87' lang='lat'>(8)</span> 
     </span>
    </p>
   </div>
   <div class='ocr_carea' id='block_1_2' title="bbox 255 738 307 817">
    <p class='ocr_par' dir='ltr' id='par_1_2' title="bbox 255 738 307 817">
     <span class='ocr_line' id='line_1_2' title="bbox 257 738 307 773; baseline 0 0"><span class='ocrx_word' id='word_1_2' title='bbox 257 738 307 773; x_wconf 83' lang='lat'>10.</span> 
     </span>
     <span class='ocr_line' id='line_1_3' title="bbox 255 783 306 817; baseline 0 0"><span class='ocrx_word' id='word_1_3' title='bbox 255 783 306 817; x_wconf 86' lang='lat'>11.</span> 
     </span>
    </p>
   </div>
   <div class='ocr_carea' id='block_1_3' title="bbox 961 84 1312 128">
    <p class='ocr_par' dir='ltr' id='par_1_3' title="bbox 961 84 1312 128">
     <span class='ocr_line' id='line_1_4' title="bbox 961 84 1312 128; baseline 0 -1"><span class='ocrx_word' id='word_1_4' title='bbox 961 84 1312 128; x_wconf 58' lang='lat' dir='ltr'>PnasrArrd</span> 
     </span>
    </p>
   </div>
   <div class='ocr_carea' id='block_1_4' title="bbox 339 211 1999 870">
    <p class='ocr_par' dir='ltr' id='par_1_4' title="bbox 339 211 1999 870">
     <span class='ocr_line' id='line_1_5' title="bbox 381 211 1959 248; baseline -0.004 -1"><span class='ocrx_word' id='word_1_5' title='bbox 381 211 443 246; x_wconf 90' lang='lat' dir='ltr'>An</span> <span class='ocrx_word' id='word_1_6' title='bbox 467 212 571 247; x_wconf 87' lang='lat' dir='ltr'>Deus</span> <span class='ocrx_word' id='word_1_7' title='bbox 595 212 645 247; x_wconf 86' lang='lat' dir='ltr'>sit</span> <span class='ocrx_word' id='word_1_8' title='bbox 669 221 691 247; x_wconf 90' lang='lat' dir='ltr'>a</span> <span class='ocrx_word' id='word_1_9' title='bbox 716 212 825 247; x_wconf 81' lang='lat' dir='ltr'>nobis</span> <span class='ocrx_word' id='word_1_10' title='bbox 849 211 1094 248; x_wconf 85' lang='lat' dir='ltr'>nominabilis</span> <span class='ocrx_word' id='word_1_11' title='bbox 1103 232 1959 243; x_wconf 90' lang='grc'><strong>.......................................</strong></span> 
     </span>
     <span class='ocr_line' id='line_1_6' title="bbox 380 255 1957 300; baseline -0.004 -10"><span class='ocrx_word' id='word_1_12' title='bbox 380 256 443 290; x_wconf 89' lang='lat' dir='ltr'>An</span> <span class='ocrx_word' id='word_1_13' title='bbox 469 256 600 291; x_wconf 89' lang='lat' dir='ltr'>omnia</span> <span class='ocrx_word' id='word_1_14' title='bbox 623 255 692 291; x_wconf 91' lang='lat' dir='ltr'>Dei</span> <span class='ocrx_word' id='word_1_15' title='bbox 716 256 875 292; x_wconf 82' lang='lat' dir='ltr'>nomina</span> <span class='ocrx_word' id='word_1_16' title='bbox 899 256 979 291; x_wconf 87' lang='lat' dir='ltr'>sint</span> <span class='ocrx_word' id='word_1_17' title='bbox 1001 264 1226 300; x_wconf 85' lang='lat' dir='ltr'>synonyma</span> <span class='ocrx_word' id='word_1_18' title='bbox 1235 276 1957 287; x_wconf 88' lang='grc'><strong>.................................</strong></span> 
     </span>
     <span class='ocr_line' id='line_1_7' title="bbox 382 298 1958 343; baseline -0.002 -10"><span class='ocrx_word' id='word_1_19' title='bbox 382 299 442 334; x_wconf 82' lang='grc' dir='ltr'>Α11</span> <span class='ocrx_word' id='word_1_20' title='bbox 469 299 597 343; x_wconf 87' lang='lat' dir='ltr'>aliqua</span> <span class='ocrx_word' id='word_1_21' title='bbox 620 300 781 334; x_wconf 85' lang='lat' dir='ltr'>nomina</span> <span class='ocrx_word' id='word_1_22' title='bbox 806 300 852 335; x_wconf 92' lang='lat' dir='ltr'>de</span> <span class='ocrx_word' id='word_1_23' title='bbox 876 299 957 335; x_wconf 94' lang='lat' dir='ltr'>Deo</span> <span class='ocrx_word' id='word_1_24' title='bbox 983 300 1022 335; x_wconf 91' lang='lat' dir='ltr'>et</span> <span class='ocrx_word' id='word_1_25' title='bbox 1046 300 1225 335; x_wconf 80' lang='lat' dir='ltr'>creatura</span> <span class='ocrx_word' id='word_1_26' title='bbox 1249 298 1413 333; x_wconf 82' lang='lat' dir='ltr'>univoce</span> <span class='ocrx_word' id='word_1_27' title='bbox 1439 298 1618 333; x_wconf 88' lang='lat' dir='ltr'>dicantur</span> <span class='ocrx_word' id='word_1_28' title='bbox 1621 320 1958 333; x_wconf 88' lang='grc'><strong>................</strong></span> 
     </span>
     <span class='ocr_line' id='line_1_8' title="bbox 381 341 1958 387; baseline -0.003 -9"><span class='ocrx_word' id='word_1_29' title='bbox 381 343 523 378; x_wconf 80' lang='lat' dir='ltr'><strong>Utrum</strong></span> <span class='ocrx_word' id='word_1_30' title='bbox 546 344 707 378; x_wconf 91' lang='lat' dir='ltr'>nomina</span> <span class='ocrx_word' id='word_1_31' title='bbox 730 343 795 379; x_wconf 86' lang='lat' dir='ltr'>illa</span> <span class='ocrx_word' id='word_1_32' title='bbox 819 344 985 387; x_wconf 81' lang='lat' dir='ltr'>analoga</span> <span class='ocrx_word' id='word_1_33' title='bbox 1009 353 1076 387; x_wconf 89' lang='lat' dir='ltr'>per</span> <span class='ocrx_word' id='word_1_34' title='bbox 1101 343 1206 387; x_wconf 87' lang='lat' dir='ltr'>prius</span> <span class='ocrx_word' id='word_1_35' title='bbox 1232 342 1278 378; x_wconf 87' lang='lat' dir='ltr'>de</span> <span class='ocrx_word' id='word_1_36' title='bbox 1301 341 1382 378; x_wconf 90' lang='lat' dir='ltr'>Deo</span> <span class='ocrx_word' id='word_1_37' title='bbox 1408 351 1458 377; x_wconf 89' lang='lat' dir='ltr'>an</span> <span class='ocrx_word' id='word_1_38' title='bbox 1484 341 1530 377; x_wconf 89' lang='lat' dir='ltr'>de</span> <span class='ocrx_word' id='word_1_39' title='bbox 1555 342 1742 376; x_wconf 79' lang='lat' dir='ltr'>creaturis</span> <span class='ocrx_word' id='word_1_40' title='bbox 1766 341 1958 376; x_wconf 86' lang='lat' dir='ltr'>dicantur.</span> 
     </span>
     <span class='ocr_line' id='line_1_9' title="bbox 345 386 1992 423; baseline -0.001 -2"><span class='ocrx_word' id='word_1_41' title='bbox 345 387 407 422; x_wconf 81' lang='lat' dir='ltr'>An</span> <span class='ocrx_word' id='word_1_42' title='bbox 429 387 502 421; x_wconf 86' lang='lat' dir='ltr'>hoc</span> <span class='ocrx_word' id='word_1_43' title='bbox 527 396 672 423; x_wconf 90' lang='lat' dir='ltr'>nomen</span> <span class='ocrx_word' id='word_1_44' title='bbox 695 387 728 422; x_wconf 89' lang='lat' dir='ltr'>D</span> <span class='ocrx_word' id='word_1_45' title='bbox 743 397 764 422; x_wconf 86' lang='lat' dir='ltr'>e</span> <span class='ocrx_word' id='word_1_46' title='bbox 778 398 802 423; x_wconf 93' lang='grc'>11</span> <span class='ocrx_word' id='word_1_47' title='bbox 816 398 834 421; x_wconf 79' lang='lat' dir='ltr'>s</span> <span class='ocrx_word' id='word_1_48' title='bbox 859 388 909 423; x_wconf 88' lang='lat' dir='ltr'>sit</span> <span class='ocrx_word' id='word_1_49' title='bbox 931 386 1296 423; x_wconf 80' lang='lat' dir='ltr'>incommunicabile</span> <span class='ocrx_word' id='word_1_50' title='bbox 1298 407 1992 421; x_wconf 83' lang='lat'><strong>................................</strong></span> 
     </span>
     <span class='ocr_line' id='line_1_10' title="bbox 343 428 1999 475; baseline -0.001 -10"><span class='ocrx_word' id='word_1_51' title='bbox 343 431 405 465; x_wconf 92' lang='lat' dir='ltr'>An</span> <span class='ocrx_word' id='word_1_52' title='bbox 430 432 535 466; x_wconf 87' lang='lat' dir='ltr'>recte</span> <span class='ocrx_word' id='word_1_53' title='bbox 559 431 716 474; x_wconf 86' lang='lat' dir='ltr'>dicatur,</span> <span class='ocrx_word' id='word_1_54' title='bbox 741 432 852 467; x_wconf 78' lang='lat' dir='ltr'>sicuti</span> <span class='ocrx_word' id='word_1_55' title='bbox 878 432 914 466; x_wconf 88' lang='grc'>111</span> <span class='ocrx_word' id='word_1_56' title='bbox 940 431 1073 475; x_wconf 83' lang='lat' dir='ltr'>lingua</span> <span class='ocrx_word' id='word_1_57' title='bbox 1090 430 1289 473; x_wconf 88' lang='lat' dir='ltr'>Hebraica,</span> <span class='ocrx_word' id='word_1_58' title='bbox 1303 431 1358 465; x_wconf 91' lang='lat' dir='ltr'>sic</span> <span class='ocrx_word' id='word_1_59' title='bbox 1372 430 1489 465; x_wconf 90' lang='lat' dir='ltr'>etiam</span> <span class='ocrx_word' id='word_1_60' title='bbox 1504 429 1542 464; x_wconf 89' lang='lat' dir='ltr'>in</span> <span class='ocrx_word' id='word_1_61' title='bbox 1556 428 1639 465; x_wconf 85' lang='lat' dir='ltr'>aliis</span> <span class='ocrx_word' id='word_1_62' title='bbox 1651 428 1844 473; x_wconf 89' lang='lat' dir='ltr'>plerisque</span> <span class='ocrx_word' id='word_1_63' title='bbox 1856 428 1999 472; x_wconf 87' lang='lat' dir='ltr'>linguis</span> 
     </span>
     <span class='ocr_line' id='line_1_11' title="bbox 386 475 1994 519; baseline -0.003 -10"><span class='ocrx_word' id='word_1_64' title='bbox 386 484 531 510; x_wconf 91' lang='lat' dir='ltr'>nomen</span> <span class='ocrx_word' id='word_1_65' title='bbox 555 475 623 510; x_wconf 90' lang='lat' dir='ltr'>Dei</span> <span class='ocrx_word' id='word_1_66' title='bbox 650 484 736 511; x_wconf 87' lang='lat' dir='ltr'>esse</span> <span class='ocrx_word' id='word_1_67' title='bbox 761 475 1050 519; x_wconf 83' lang='lat' dir='ltr'>quadriliterum</span> <span class='ocrx_word' id='word_1_68' title='bbox 1055 496 1994 510; x_wconf 88' lang='grc'><strong>...........................................</strong></span> 
     </span>
     <span class='ocr_line' id='line_1_12' title="bbox 343 516 1995 563; baseline -0.001 -10"><span class='ocrx_word' id='word_1_69' title='bbox 343 519 449 563; x_wconf 82' lang='lat' dir='ltr'>Quae</span> <span class='ocrx_word' id='word_1_70' title='bbox 473 519 524 554; x_wconf 90' lang='lat' dir='ltr'>sit</span> <span class='ocrx_word' id='word_1_71' title='bbox 546 520 714 554; x_wconf 83' lang='lat' dir='ltr'>nominis</span> <span class='ocrx_word' id='word_1_72' title='bbox 739 519 761 555; x_wconf 88' lang='lat' dir='ltr'><strong>J</strong></span> <span class='ocrx_word' id='word_1_73' title='bbox 774 520 832 555; x_wconf 85' lang='lat' dir='ltr'>eli</span> <span class='ocrx_word' id='word_1_74' title='bbox 848 530 869 555; x_wconf 95' lang='lat'>0</span> <span class='ocrx_word' id='word_1_75' title='bbox 884 519 982 555; x_wconf 84' lang='lat' dir='ltr'>vah</span> <span class='ocrx_word' id='word_1_76' title='bbox 1006 518 1223 563; x_wconf 78' lang='lat' dir='ltr'>appellatio,</span> <span class='ocrx_word' id='word_1_77' title='bbox 1248 518 1452 561; x_wconf 86' lang='lat' dir='ltr'>institutio,</span> <span class='ocrx_word' id='word_1_78' title='bbox 1478 517 1726 561; x_wconf 75' lang='lat' dir='ltr'>etymologia,</span> <span class='ocrx_word' id='word_1_79' title='bbox 1752 516 1995 560; x_wconf 83' lang='lat' dir='ltr'>significatio,</span> 
     </span>
     <span class='ocr_line' id='line_1_13' title="bbox 387 560 1999 642; baseline -0.001 -45"><span class='ocrx_word' id='word_1_80' title='bbox 387 563 606 642; x_wconf 38' lang='lat' dir='ltr'>translatio,</span> <span class='ocrx_word' id='word_1_81' title='bbox 645 573 877 608; x_wconf 77' lang='lat' dir='ltr'>synonyma,</span> <span class='ocrx_word' id='word_1_82' title='bbox 918 564 1102 606; x_wconf 83' lang='lat' dir='ltr'>derivata,</span> <span class='ocrx_word' id='word_1_83' title='bbox 1122 563 1288 606; x_wconf 85' lang='lat' dir='ltr'>scriptio,</span> <span class='ocrx_word' id='word_1_84' title='bbox 1313 561 1588 606; x_wconf 77' lang='lat' dir='ltr'>pronuntiatio,</span> <span class='ocrx_word' id='word_1_85' title='bbox 1612 570 1707 596; x_wconf 88' lang='lat' dir='ltr'>usus</span> <span class='ocrx_word' id='word_1_86' title='bbox 1732 570 1800 596; x_wconf 89' lang='lat' dir='ltr'>seu</span> <span class='ocrx_word' id='word_1_87' title='bbox 1824 560 1999 605; x_wconf 77' lang='lat' dir='ltr'>potentia</span> 
     </span>
     <span class='ocr_line' id='line_1_14' title="bbox 387 616 1993 650; baseline -0.003 -9"><span class='ocrx_word' id='word_1_88' title='bbox 387 616 407 642; x_wconf 93' lang='lat' dir='ltr'>e</span> <span class='ocrx_word' id='word_1_89' title='bbox 449 616 497 650; x_wconf 87' lang='lat' dir='ltr'>po</span> <span class='ocrx_word' id='word_1_90' title='bbox 520 616 561 642; x_wconf 84' lang='lat' dir='ltr'>es</span> <span class='ocrx_word' id='word_1_91' title='bbox 582 617 624 643; x_wconf 83' lang='lat' dir='ltr'>as</span> <span class='ocrx_word' id='word_1_92' title='bbox 628 627 1858 643; x_wconf 88' lang='grc'><strong>........................................................</strong></span> <span class='ocrx_word' id='word_1_93' title='bbox 1866 642 1869 645; x_wconf 46' lang='grc'><em>,</em></span> <span class='ocrx_word' id='word_1_94' title='bbox 1873 628 1993 636; x_wconf 91' lang='grc'><strong>......</strong></span> 
     </span>
     <span class='ocr_line' id='line_1_15' title="bbox 344 650 1993 695; baseline -0.002 -10"><span class='ocrx_word' id='word_1_95' title='bbox 344 651 404 686; x_wconf 87' lang='grc' dir='ltr'>Α11</span> <span class='ocrx_word' id='word_1_96' title='bbox 435 660 577 686; x_wconf 89' lang='lat' dir='ltr'>nomen</span> <span class='ocrx_word' id='word_1_97' title='bbox 609 651 755 695; x_wconf 75' lang='lat' dir='ltr'>plurale</span> <span class='ocrx_word' id='word_1_98' title='bbox 779 652 929 687; x_wconf 82' lang='lat' dir='ltr'>Elohim</span> <span class='ocrx_word' id='word_1_99' title='bbox 957 652 1199 686; x_wconf 76' lang='lat' dir='ltr'>demonstret</span> <span class='ocrx_word' id='word_1_100' title='bbox 1223 650 1471 686; x_wconf 80' lang='lat' dir='ltr'>Trinitratem</span> <span class='ocrx_word' id='word_1_101' title='bbox 1497 658 1754 693; x_wconf 89' lang='lat' dir='ltr'>personarum</span> <span class='ocrx_word' id='word_1_102' title='bbox 1763 671 1993 680; x_wconf 83' lang='grc'><strong>...........</strong></span> 
     </span>
     <span class='ocr_line' id='line_1_16' title="bbox 344 691 1992 738; baseline -0.002 -8"><span class='ocrx_word' id='word_1_103' title='bbox 344 696 406 730; x_wconf 85' lang='grc' dir='ltr'>Α11</span> <span class='ocrx_word' id='word_1_104' title='bbox 433 696 538 730; x_wconf 81' lang='lat' dir='ltr'>recte</span> <span class='ocrx_word' id='word_1_105' title='bbox 563 696 720 737; x_wconf 77' lang='lat' dir='ltr'>dicatur,</span> <span class='ocrx_word' id='word_1_106' title='bbox 747 696 871 738; x_wconf 81' lang='lat' dir='ltr'>Pater,</span> <span class='ocrx_word' id='word_1_107' title='bbox 897 696 1024 738; x_wconf 84' lang='lat' dir='ltr'>Filius,</span> <span class='ocrx_word' id='word_1_108' title='bbox 1050 695 1213 738; x_wconf 83' lang='lat' dir='ltr'>Spiritus</span> <span class='ocrx_word' id='word_1_109' title='bbox 1238 694 1406 729; x_wconf 84' lang='lat' dir='ltr'>Sanctus</span> <span class='ocrx_word' id='word_1_110' title='bbox 1433 694 1527 728; x_wconf 90' lang='lat' dir='ltr'>sunt</span> <span class='ocrx_word' id='word_1_111' title='bbox 1551 694 1631 728; x_wconf 86' lang='lat' dir='ltr'>tres</span> <span class='ocrx_word' id='word_1_112' title='bbox 1655 691 1808 728; x_wconf 89' lang='lat' dir='ltr'>Elohim</span> <span class='ocrx_word' id='word_1_113' title='bbox 1813 715 1992 727; x_wconf 88' lang='grc'><strong>.........</strong></span> 
     </span>
     <span class='ocr_line' id='line_1_17' title="bbox 346 738 1992 783; baseline -0.002 -10"><span class='ocrx_word' id='word_1_114' title='bbox 346 739 406 773; x_wconf 88' lang='grc' dir='ltr'>Α11</span> <span class='ocrx_word' id='word_1_115' title='bbox 433 748 578 774; x_wconf 87' lang='grc'><strong>110111011</strong></span> <span class='ocrx_word' id='word_1_116' title='bbox 604 739 801 774; x_wconf 82' lang='lat' dir='ltr'>elohim</span> <span class='ocrx_word' id='word_1_117' title='bbox 829 741 1024 783; x_wconf 85' lang='lat' dir='ltr'>competet</span> <span class='ocrx_word' id='word_1_118' title='bbox 1048 739 1118 774; x_wconf 82' lang='lat' dir='ltr'>soli</span> <span class='ocrx_word' id='word_1_119' title='bbox 1143 738 1225 774; x_wconf 89' lang='lat' dir='ltr'>Deo</span> <span class='ocrx_word' id='word_1_120' title='bbox 1229 759 1992 773; x_wconf 81' lang='lat'><strong>...................................</strong></span> 
     </span>
     <span class='ocr_line' id='line_1_18' title="bbox 339 779 1999 826; baseline -0.002 -8"><span class='ocrx_word' id='word_1_121' title='bbox 339 782 414 818; x_wconf 87' lang='lat' dir='ltr'>Cur</span> <span class='ocrx_word' id='word_1_122' title='bbox 448 783 627 818; x_wconf 85' lang='lat' dir='ltr'>Proverb.</span> <span class='ocrx_word' id='word_1_123' title='bbox 664 785 680 817; x_wconf 84' lang='lat'>1</span> <span class='ocrx_word' id='word_1_124' title='bbox 716 793 815 818; x_wconf 83' lang='lat' dir='ltr'>vers.</span> <span class='ocrx_word' id='word_1_125' title='bbox 850 784 894 818; x_wconf 73' lang='lat'>‘20</span> <span class='ocrx_word' id='word_1_126' title='bbox 934 785 971 818; x_wconf 92' lang='lat' dir='ltr'>et</span> <span class='ocrx_word' id='word_1_127' title='bbox 1006 784 1037 819; x_wconf 86' lang='lat'>9.</span> <span class='ocrx_word' id='word_1_128' title='bbox 1074 784 1102 818; x_wconf 87' lang='lat' dir='ltr'>l.</span> <span class='ocrx_word' id='word_1_129' title='bbox 1139 792 1284 818; x_wconf 88' lang='lat' dir='ltr'>nomen</span> <span class='ocrx_word' id='word_1_130' title='bbox 1319 781 1634 826; x_wconf 80' lang='lat' dir='ltr'>sapientiae</span> <span class='ocrx_word' id='word_1_131' title='bbox 1668 779 1806 824; x_wconf 87' lang='lat' dir='ltr'>plurali</span> <span class='ocrx_word' id='word_1_132' title='bbox 1835 789 1999 816; x_wconf 90' lang='lat' dir='ltr'>numero</span> 
     </span>
     <span class='ocr_line' id='line_1_19' title="bbox 387 825 1992 870; baseline -0.003 -9"><span class='ocrx_word' id='word_1_133' title='bbox 387 828 597 870; x_wconf 79' lang='lat' dir='ltr'>usurpetur</span> <span class='ocrx_word' id='word_1_134' title='bbox 622 829 889 862; x_wconf 80' lang='lat' dir='ltr'>constructum</span> <span class='ocrx_word' id='word_1_135' title='bbox 916 837 1004 862; x_wconf 91' lang='grc'><strong>011111</strong></span> <span class='ocrx_word' id='word_1_136' title='bbox 1029 828 1147 861; x_wconf 82' lang='lat' dir='ltr'>verbo</span> <span class='ocrx_word' id='word_1_137' title='bbox 1172 825 1370 870; x_wconf 85' lang='lat' dir='ltr'>singulari.</span> <span class='ocrx_word' id='word_1_138' title='bbox 1381 844 1992 859; x_wconf 71' lang='grc'><strong>............................</strong></span> 
     </span>
    </p>
   </div>
   <div class='ocr_carea' id='block_1_5' title="bbox 298 897 916 953">
    <p class='ocr_par' dir='ltr' id='par_1_5' title="bbox 298 897 916 953">
     <span class='ocr_line' id='line_1_20' title="bbox 298 897 916 953; baseline 0 -13"><span class='ocrx_word' id='word_1_139' title='bbox 298 898 334 940; x_wconf 82' lang='lat' dir='ltr'>b.</span> <span class='ocrx_word' id='word_1_140' title='bbox 368 897 431 939; x_wconf 90' lang='lat' dir='ltr'>De</span> <span class='ocrx_word' id='word_1_141' title='bbox 449 897 666 939; x_wconf 83' lang='lat' dir='ltr'>attributis</span> <span class='ocrx_word' id='word_1_142' title='bbox 684 898 729 939; x_wconf 89' lang='lat' dir='ltr'>in</span> <span class='ocrx_word' id='word_1_143' title='bbox 747 912 916 953; x_wconf 83' lang='lat' dir='ltr'>genere.</span> 
     </span>
    </p>
   </div>
   <div class='ocr_carea' id='block_1_6' title="bbox 271 991 305 1512">
    <p class='ocr_par' dir='ltr' id='par_1_6' title="bbox 271 991 305 1512">
     <span class='ocr_line' id='line_1_21' title="bbox 271 991 305 1512; textangle 90"><span class='ocrx_word' id='word_1_144' title='bbox 271 1477 303 1512; x_wconf 67' lang='grc' dir='ltr'>ΞΟ</span> <span class='ocrx_word' id='word_1_145' title='bbox 272 1256 304 1422; x_wconf 52' lang='grc' dir='ltr'>ΦΟΝΦΨἾ</span> <span class='ocrx_word' id='word_1_146' title='bbox 273 1167 303 1202; x_wconf 60' lang='lat' dir='ltr'>ff·</span> <span class='ocrx_word' id='word_1_147' title='bbox 274 991 305 1113; x_wconf 46' lang='lat'>9090?</span> 
     </span>
    </p>
   </div>
   <div class='ocr_carea' id='block_1_7' title="bbox 293 1626 325 1655">
    <p class='ocr_par' dir='ltr' id='par_1_7' title="bbox 293 1626 325 1655">
     <span class='ocr_line' id='line_1_22' title="bbox 293 1626 325 1655; textangle 90"><span class='ocrx_word' id='word_1_148' title='bbox 293 1626 325 1655; x_wconf 65' lang='lat'>5³</span> 
     </span>
    </p>
   </div>
   <div class='ocr_carea' id='block_1_8' title="bbox 268 1718 305 2103">
    <p class='ocr_par' dir='ltr' id='par_1_8' title="bbox 268 1718 305 2103">
     <span class='ocr_line' id='line_1_23' title="bbox 268 1718 305 2103; textangle 90"><span class='ocrx_word' id='word_1_149' title='bbox 270 2023 305 2103; x_wconf 57' lang='lat'>50:⁴¹</span> <span class='ocrx_word' id='word_1_150' title='bbox 268 1718 301 1972; x_wconf 51' lang='lat'>90915290902*</span> 
     </span>
    </p>
   </div>
   <div class='ocr_carea' id='block_1_9' title="bbox 266 2331 300 2411">
    <p class='ocr_par' dir='ltr' id='par_1_9' title="bbox 266 2331 300 2411">
     <span class='ocr_line' id='line_1_24' title="bbox 266 2331 300 2411; baseline -0.029 0"><span class='ocrx_word' id='word_1_151' title='bbox 266 2331 300 2411; x_wconf 69' lang='grc' dir='ltr'>ἕξ</span> 
     </span>
    </p>
   </div>
   <div class='ocr_carea' id='block_1_10' title="bbox 338 987 1998 1519">
    <p class='ocr_par' dir='ltr' id='par_1_10' title="bbox 338 987 1998 1519">
     <span class='ocr_line' id='line_1_25' title="bbox 342 987 1998 1033; baseline -0.001 -8"><span class='ocrx_word' id='word_1_152' title='bbox 342 991 405 1025; x_wconf 76' lang='lat' dir='ltr'>An</span> <span class='ocrx_word' id='word_1_153' title='bbox 430 991 618 1027; x_wconf 86' lang='lat' dir='ltr'>attributa</span> <span class='ocrx_word' id='word_1_154' title='bbox 641 991 721 1033; x_wconf 80' lang='lat' dir='ltr'>Dei,</span> <span class='ocrx_word' id='word_1_155' title='bbox 747 992 784 1026; x_wconf 92' lang='lat' dir='ltr'>in</span> <span class='ocrx_word' id='word_1_156' title='bbox 810 990 873 1026; x_wconf 86' lang='lat' dir='ltr'>illo</span> <span class='ocrx_word' id='word_1_157' title='bbox 899 991 977 1025; x_wconf 89' lang='lat' dir='ltr'>sint</span> <span class='ocrx_word' id='word_1_158' title='bbox 1001 989 1218 1025; x_wconf 81' lang='lat' dir='ltr'>virtualiter</span> <span class='ocrx_word' id='word_1_159' title='bbox 1243 999 1312 1024; x_wconf 90' lang='lat' dir='ltr'>seu</span> <span class='ocrx_word' id='word_1_160' title='bbox 1337 990 1565 1025; x_wconf 81' lang='lat' dir='ltr'>eminenter.</span> <span class='ocrx_word' id='word_1_161' title='bbox 1591 998 1640 1024; x_wconf 86' lang='lat' dir='ltr'>an</span> <span class='ocrx_word' id='word_1_162' title='bbox 1664 998 1757 1024; x_wconf 88' lang='lat' dir='ltr'>vero</span> <span class='ocrx_word' id='word_1_163' title='bbox 1783 987 1998 1024; x_wconf 86' lang='lat' dir='ltr'>formaliter</span> 
     </span>
     <span class='ocr_line' id='line_1_26' title="bbox 341 1032 1992 1078; baseline -0.002 -8"><span class='ocrx_word' id='word_1_164' title='bbox 341 1035 402 1069; x_wconf 90' lang='lat' dir='ltr'>An</span> <span class='ocrx_word' id='word_1_165' title='bbox 429 1035 618 1070; x_wconf 84' lang='lat' dir='ltr'>attributa</span> <span class='ocrx_word' id='word_1_166' title='bbox 638 1036 787 1078; x_wconf 84' lang='lat' dir='ltr'>possint</span> <span class='ocrx_word' id='word_1_167' title='bbox 810 1036 856 1070; x_wconf 86' lang='lat' dir='ltr'>de</span> <span class='ocrx_word' id='word_1_168' title='bbox 881 1035 1052 1069; x_wconf 84' lang='lat' dir='ltr'>essentia</span> <span class='ocrx_word' id='word_1_169' title='bbox 1076 1035 1115 1069; x_wconf 87' lang='lat' dir='ltr'>et</span> <span class='ocrx_word' id='word_1_170' title='bbox 1140 1034 1186 1069; x_wconf 87' lang='lat' dir='ltr'>de</span> <span class='ocrx_word' id='word_1_171' title='bbox 1209 1043 1252 1069; x_wconf 92' lang='lat' dir='ltr'>se</span> <span class='ocrx_word' id='word_1_172' title='bbox 1276 1034 1414 1068; x_wconf 89' lang='lat' dir='ltr'>mutuo</span> <span class='ocrx_word' id='word_1_173' title='bbox 1438 1033 1646 1076; x_wconf 82' lang='lat' dir='ltr'>praedicari</span> <span class='ocrx_word' id='word_1_174' title='bbox 1670 1033 1710 1068; x_wconf 91' lang='lat' dir='ltr'>in</span> <span class='ocrx_word' id='word_1_175' title='bbox 1734 1032 1992 1068; x_wconf 87' lang='lat' dir='ltr'>abstracto...</span> 
     </span>
     <span class='ocr_line' id='line_1_27' title="bbox 340 1076 1997 1120; baseline -0.002 -6"><span class='ocrx_word' id='word_1_176' title='bbox 340 1079 402 1114; x_wconf 89' lang='lat' dir='ltr'>An</span> <span class='ocrx_word' id='word_1_177' title='bbox 439 1080 629 1115; x_wconf 85' lang='lat' dir='ltr'>attributa</span> <span class='ocrx_word' id='word_1_178' title='bbox 665 1081 710 1115; x_wconf 86' lang='lat' dir='ltr'>ab</span> <span class='ocrx_word' id='word_1_179' title='bbox 748 1080 918 1114; x_wconf 85' lang='lat' dir='ltr'>essentia</span> <span class='ocrx_word' id='word_1_180' title='bbox 957 1080 994 1113; x_wconf 91' lang='lat' dir='ltr'>et</span> <span class='ocrx_word' id='word_1_181' title='bbox 1030 1079 1133 1113; x_wconf 88' lang='lat' dir='ltr'>inter</span> <span class='ocrx_word' id='word_1_182' title='bbox 1168 1087 1210 1113; x_wconf 84' lang='lat' dir='ltr'>se</span> <span class='ocrx_word' id='word_1_183' title='bbox 1235 1077 1536 1120; x_wconf 75' lang='lat' dir='ltr'>distinguantur,</span> <span class='ocrx_word' id='word_1_184' title='bbox 1561 1086 1639 1112; x_wconf 91' lang='lat' dir='ltr'>non</span> <span class='ocrx_word' id='word_1_185' title='bbox 1663 1077 1821 1112; x_wconf 89' lang='lat' dir='ltr'>tantum</span> <span class='ocrx_word' id='word_1_186' title='bbox 1845 1076 1997 1111; x_wconf 89' lang='lat' dir='ltr'>ratione</span> 
     </span>
     <span class='ocr_line' id='line_1_28' title="bbox 384 1121 1991 1165; baseline -0.004 -8"><span class='ocrx_word' id='word_1_187' title='bbox 384 1124 650 1165; x_wconf 80' lang='lat' dir='ltr'>ratiocinante,</span> <span class='ocrx_word' id='word_1_188' title='bbox 668 1124 744 1159; x_wconf 67' lang='lat' dir='ltr'>‘sed</span> <span class='ocrx_word' id='word_1_189' title='bbox 769 1124 806 1158; x_wconf 86' lang='lat' dir='ltr'>et</span> <span class='ocrx_word' id='word_1_190' title='bbox 833 1123 1027 1157; x_wconf 76' lang='lat' dir='ltr'>sententia</span> <span class='ocrx_word' id='word_1_191' title='bbox 1052 1121 1293 1163; x_wconf 69' lang='lat' dir='ltr'>ratiocinata,</span> <span class='ocrx_word' id='word_1_192' title='bbox 1319 1122 1359 1156; x_wconf 88' lang='lat' dir='ltr'>et</span> <span class='ocrx_word' id='word_1_193' title='bbox 1382 1121 1485 1164; x_wconf 87' lang='lat' dir='ltr'>quali</span> <span class='ocrx_word' id='word_1_194' title='bbox 1494 1143 1991 1153; x_wconf 89' lang='grc'><strong>.......................</strong></span> 
     </span>
     <span class='ocr_line' id='line_1_29' title="bbox 341 1165 1997 1211; baseline -0.001 -10"><span class='ocrx_word' id='word_1_195' title='bbox 341 1167 404 1202; x_wconf 83' lang='grc' dir='ltr'>Α11</span> <span class='ocrx_word' id='word_1_196' title='bbox 437 1168 625 1203; x_wconf 89' lang='lat' dir='ltr'>attributa</span> <span class='ocrx_word' id='word_1_197' title='bbox 661 1168 788 1202; x_wconf 88' lang='lat' dir='ltr'>divina</span> <span class='ocrx_word' id='word_1_198' title='bbox 823 1167 973 1211; x_wconf 83' lang='lat' dir='ltr'>possint</span> <span class='ocrx_word' id='word_1_199' title='bbox 1008 1166 1193 1209; x_wconf 75' lang='lat' dir='ltr'>distingui</span> <span class='ocrx_word' id='word_1_200' title='bbox 1228 1165 1388 1208; x_wconf 86' lang='lat' dir='ltr'>ratione,</span> <span class='ocrx_word' id='word_1_201' title='bbox 1413 1165 1496 1200; x_wconf 88' lang='lat' dir='ltr'>sine</span> <span class='ocrx_word' id='word_1_202' title='bbox 1521 1165 1698 1208; x_wconf 87' lang='lat' dir='ltr'>respectu</span> <span class='ocrx_word' id='word_1_203' title='bbox 1726 1165 1773 1199; x_wconf 88' lang='lat' dir='ltr'>ad</span> <span class='ocrx_word' id='word_1_204' title='bbox 1798 1165 1997 1199; x_wconf 82' lang='lat' dir='ltr'>creaturas</span> 
     </span>
     <span class='ocr_line' id='line_1_30' title="bbox 382 1211 1991 1247; baseline -0.005 0"><span class='ocrx_word' id='word_1_205' title='bbox 382 1211 539 1247; x_wconf 86' lang='lat' dir='ltr'>realiter</span> <span class='ocrx_word' id='word_1_206' title='bbox 562 1211 764 1247; x_wconf 86' lang='lat' dir='ltr'>distinctas</span> <span class='ocrx_word' id='word_1_207' title='bbox 768 1231 1991 1246; x_wconf 89' lang='grc'><strong>........................................................</strong></span> 
     </span>
     <span class='ocr_line' id='line_1_31' title="bbox 339 1252 1991 1296; baseline -0.001 -7"><span class='ocrx_word' id='word_1_208' title='bbox 339 1255 402 1289; x_wconf 93' lang='lat' dir='ltr'>An</span> <span class='ocrx_word' id='word_1_209' title='bbox 426 1256 528 1291; x_wconf 87' lang='lat' dir='ltr'>aliud</span> <span class='ocrx_word' id='word_1_210' title='bbox 552 1255 602 1290; x_wconf 88' lang='lat' dir='ltr'>sit</span> <span class='ocrx_word' id='word_1_211' title='bbox 626 1256 664 1290; x_wconf 89' lang='lat' dir='ltr'>in</span> <span class='ocrx_word' id='word_1_212' title='bbox 689 1256 769 1291; x_wconf 88' lang='lat' dir='ltr'>Deo</span> <span class='ocrx_word' id='word_1_213' title='bbox 794 1265 856 1290; x_wconf 87' lang='lat' dir='ltr'>res</span> <span class='ocrx_word' id='word_1_214' title='bbox 881 1256 919 1289; x_wconf 87' lang='lat' dir='ltr'>et</span> <span class='ocrx_word' id='word_1_215' title='bbox 945 1254 1125 1296; x_wconf 85' lang='lat' dir='ltr'>essentia,</span> <span class='ocrx_word' id='word_1_216' title='bbox 1151 1255 1191 1289; x_wconf 88' lang='lat' dir='ltr'>et</span> <span class='ocrx_word' id='word_1_217' title='bbox 1214 1253 1317 1288; x_wconf 88' lang='lat' dir='ltr'>aliud</span> <span class='ocrx_word' id='word_1_218' title='bbox 1340 1254 1465 1288; x_wconf 88' lang='lat' dir='ltr'>virtus</span> <span class='ocrx_word' id='word_1_219' title='bbox 1490 1253 1573 1288; x_wconf 91' lang='lat' dir='ltr'>eius</span> <span class='ocrx_word' id='word_1_220' title='bbox 1597 1254 1637 1288; x_wconf 86' lang='lat' dir='ltr'>et</span> <span class='ocrx_word' id='word_1_221' title='bbox 1659 1252 1874 1296; x_wconf 81' lang='lat' dir='ltr'>proprietas</span> <span class='ocrx_word' id='word_1_222' title='bbox 1878 1275 1991 1287; x_wconf 85' lang='lat'>......</span> 
     </span>
     <span class='ocr_line' id='line_1_32' title="bbox 339 1296 1991 1342; baseline -0.002 -8"><span class='ocrx_word' id='word_1_223' title='bbox 339 1300 401 1334; x_wconf 90' lang='lat' dir='ltr'>An</span> <span class='ocrx_word' id='word_1_224' title='bbox 428 1300 608 1342; x_wconf 73' lang='lat' dir='ltr'>essentia,</span> <span class='ocrx_word' id='word_1_225' title='bbox 634 1301 854 1341; x_wconf 73' lang='lat' dir='ltr'>existentia,</span> <span class='ocrx_word' id='word_1_226' title='bbox 878 1298 1107 1340; x_wconf 79' lang='lat' dir='ltr'>substantia,</span> <span class='ocrx_word' id='word_1_227' title='bbox 1132 1298 1289 1341; x_wconf 87' lang='lat' dir='ltr'>spiritus</span> <span class='ocrx_word' id='word_1_228' title='bbox 1313 1297 1393 1332; x_wconf 82' lang='lat' dir='ltr'>sint</span> <span class='ocrx_word' id='word_1_229' title='bbox 1415 1297 1604 1332; x_wconf 86' lang='lat' dir='ltr'>attributa</span> <span class='ocrx_word' id='word_1_230' title='bbox 1626 1296 1696 1332; x_wconf 91' lang='lat' dir='ltr'>Dei</span> <span class='ocrx_word' id='word_1_231' title='bbox 1700 1319 1991 1332; x_wconf 84' lang='lat'><strong>..............</strong></span> 
     </span>
     <span class='ocr_line' id='line_1_33' title="bbox 338 1341 1989 1379; baseline -0.003 -2"><span class='ocrx_word' id='word_1_232' title='bbox 338 1343 402 1378; x_wconf 89' lang='lat' dir='ltr'>An</span> <span class='ocrx_word' id='word_1_233' title='bbox 426 1344 597 1379; x_wconf 89' lang='lat' dir='ltr'>adoratio</span> <span class='ocrx_word' id='word_1_234' title='bbox 622 1346 726 1379; x_wconf 85' lang='lat' dir='ltr'>recte</span> <span class='ocrx_word' id='word_1_235' title='bbox 752 1344 899 1378; x_wconf 82' lang='lat' dir='ltr'>dicatur</span> <span class='ocrx_word' id='word_1_236' title='bbox 926 1342 1133 1377; x_wconf 73' lang='lat' dir='ltr'>essentiale</span> <span class='ocrx_word' id='word_1_237' title='bbox 1157 1341 1226 1377; x_wconf 92' lang='lat' dir='ltr'>Dei</span> <span class='ocrx_word' id='word_1_238' title='bbox 1251 1342 1483 1376; x_wconf 88' lang='lat' dir='ltr'>attributum</span> <span class='ocrx_word' id='word_1_239' title='bbox 1492 1362 1989 1373; x_wconf 86' lang='lat'><strong>.......................</strong></span> 
     </span>
     <span class='ocr_line' id='line_1_34' title="bbox 341 1383 1997 1468; baseline -0.003 -45"><span class='ocrx_word' id='word_1_240' title='bbox 341 1387 541 1468; x_wconf 45' lang='lat' dir='ltr'>ngomodo</span> <span class='ocrx_word' id='word_1_241' title='bbox 570 1397 670 1467; x_wconf 54' lang='lat' dir='ltr'>§rgo</span> <span class='ocrx_word' id='word_1_242' title='bbox 696 1398 743 1422; x_wconf 82' lang='lat' dir='ltr'>ex</span> <span class='ocrx_word' id='word_1_243' title='bbox 770 1388 994 1423; x_wconf 82' lang='lat' dir='ltr'>adoratione</span> <span class='ocrx_word' id='word_1_244' title='bbox 1020 1386 1226 1421; x_wconf 76' lang='lat' dir='ltr'>orthodoxi</span> <span class='ocrx_word' id='word_1_245' title='bbox 1251 1385 1371 1420; x_wconf 87' lang='lat' dir='ltr'>solide</span> <span class='ocrx_word' id='word_1_246' title='bbox 1395 1386 1608 1428; x_wconf 86' lang='lat' dir='ltr'>probarunt</span> <span class='ocrx_word' id='word_1_247' title='bbox 1630 1384 1827 1420; x_wconf 88' lang='lat' dir='ltr'>Deitatem</span> <span class='ocrx_word' id='word_1_248' title='bbox 1850 1383 1932 1419; x_wconf 86' lang='lat' dir='ltr'>Filii</span> <span class='ocrx_word' id='word_1_249' title='bbox 1957 1385 1997 1419; x_wconf 92' lang='lat' dir='ltr'>et</span> 
     </span>
     <span class='ocr_line' id='line_1_35' title="bbox 435 1432 1991 1467; baseline -0.004 -1"><span class='ocrx_word' id='word_1_250' title='bbox 435 1432 546 1467; x_wconf 89' lang='lat' dir='ltr'>iritus</span> <span class='ocrx_word' id='word_1_251' title='bbox 589 1432 699 1466; x_wconf 65' lang='lat' dir='ltr'>‘aneti</span> <span class='ocrx_word' id='word_1_252' title='bbox 711 1450 1991 1464; x_wconf 87' lang='grc'><strong>.........................................................</strong></span> 
     </span>
     <span class='ocr_line' id='line_1_36' title="bbox 338 1441 1995 1519; baseline -0.003 -8"><span class='ocrx_word' id='word_1_253' title='bbox 338 1441 689 1519; x_wconf 75' lang='lat' dir='ltr'>Anpquaecunque</span> <span class='ocrx_word' id='word_1_254' title='bbox 713 1476 933 1519; x_wconf 82' lang='lat' dir='ltr'>praedicata</span> <span class='ocrx_word' id='word_1_255' title='bbox 957 1474 1216 1510; x_wconf 85' lang='lat' dir='ltr'>essentialiter</span> <span class='ocrx_word' id='word_1_256' title='bbox 1241 1474 1421 1508; x_wconf 85' lang='lat' dir='ltr'>dicuntur</span> <span class='ocrx_word' id='word_1_257' title='bbox 1447 1473 1493 1508; x_wconf 88' lang='lat' dir='ltr'>de</span> <span class='ocrx_word' id='word_1_258' title='bbox 1518 1473 1700 1508; x_wconf 83' lang='lat' dir='ltr'>subiectis</span> <span class='ocrx_word' id='word_1_259' title='bbox 1724 1472 1816 1514; x_wconf 85' lang='lat' dir='ltr'>suis,</span> <span class='ocrx_word' id='word_1_260' title='bbox 1840 1471 1995 1507; x_wconf 89' lang='lat' dir='ltr'>illorum</span> 
     </span>
    </p>
   </div>
   <div class='ocr_carea' id='block_1_11' title="bbox 364 1519 1990 1668">
    <p class='ocr_par' dir='ltr' id='par_1_11' title="bbox 364 1519 1990 1668">
     <span class='ocr_line' id='line_1_37' title="bbox 381 1519 1990 1556; baseline -0.005 -1"><span class='ocrx_word' id='word_1_261' title='bbox 381 1519 552 1555; x_wconf 89' lang='lat' dir='ltr'>definitio</span> <span class='ocrx_word' id='word_1_262' title='bbox 575 1520 758 1556; x_wconf 87' lang='lat' dir='ltr'>subiectis</span> <span class='ocrx_word' id='word_1_263' title='bbox 780 1520 973 1555; x_wconf 85' lang='lat' dir='ltr'>tribuatur</span> <span class='ocrx_word' id='word_1_264' title='bbox 981 1537 1990 1551; x_wconf 80' lang='grc'><strong>..............................................</strong></span> 
     </span>
     <span class='ocr_line' id='line_1_38' title="bbox 364 1611 1222 1668; baseline -0.001 -14"><span class='ocrx_word' id='word_1_265' title='bbox 364 1612 427 1654; x_wconf 92' lang='lat' dir='ltr'>De</span> <span class='ocrx_word' id='word_1_266' title='bbox 446 1612 663 1655; x_wconf 86' lang='lat' dir='ltr'>attributis</span> <span class='ocrx_word' id='word_1_267' title='bbox 680 1613 724 1654; x_wconf 90' lang='lat' dir='ltr'>in</span> <span class='ocrx_word' id='word_1_268' title='bbox 742 1612 877 1668; x_wconf 84' lang='lat' dir='ltr'>specie</span> <span class='ocrx_word' id='word_1_269' title='bbox 899 1611 1025 1667; x_wconf 88' lang='lat' dir='ltr'>primi</span> <span class='ocrx_word' id='word_1_270' title='bbox 1043 1611 1222 1668; x_wconf 78' lang='lat' dir='ltr'>generis.</span> 
     </span>
    </p>
   </div>
   <div class='ocr_carea' id='block_1_12' title="bbox 333 1715 1994 2418">
    <p class='ocr_par' dir='ltr' id='par_1_12' title="bbox 334 1715 1994 1980">
     <span class='ocr_line' id='line_1_39' title="bbox 334 1715 1984 1760; baseline -0.005 -7"><span class='ocrx_word' id='word_1_271' title='bbox 334 1717 398 1753; x_wconf 88' lang='lat' dir='ltr'>An</span> <span class='ocrx_word' id='word_1_272' title='bbox 420 1717 502 1753; x_wconf 91' lang='lat' dir='ltr'>Deo</span> <span class='ocrx_word' id='word_1_273' title='bbox 525 1717 718 1754; x_wconf 86' lang='lat' dir='ltr'>tribuatur</span> <span class='ocrx_word' id='word_1_274' title='bbox 741 1717 882 1759; x_wconf 88' lang='lat' dir='ltr'>unitas,</span> <span class='ocrx_word' id='word_1_275' title='bbox 907 1717 947 1752; x_wconf 85' lang='lat' dir='ltr'>et</span> <span class='ocrx_word' id='word_1_276' title='bbox 970 1715 1094 1760; x_wconf 89' lang='lat' dir='ltr'>qualis</span> <span class='ocrx_word' id='word_1_277' title='bbox 1102 1736 1984 1749; x_wconf 87' lang='grc'><strong><em>........................................</em></strong></span> 
     </span>
     <span class='ocr_line' id='line_1_40' title="bbox 335 1760 1986 1797; baseline -0.004 -1"><span class='ocrx_word' id='word_1_278' title='bbox 335 1761 398 1796; x_wconf 88' lang='lat' dir='ltr'>An</span> <span class='ocrx_word' id='word_1_279' title='bbox 421 1760 528 1796; x_wconf 88' lang='lat' dir='ltr'>solus</span> <span class='ocrx_word' id='word_1_280' title='bbox 551 1761 657 1797; x_wconf 86' lang='lat' dir='ltr'>Deus</span> <span class='ocrx_word' id='word_1_281' title='bbox 676 1761 726 1797; x_wconf 85' lang='lat' dir='ltr'>sit</span> <span class='ocrx_word' id='word_1_282' title='bbox 751 1770 820 1796; x_wconf 83' lang='lat' dir='ltr'>ens</span> <span class='ocrx_word' id='word_1_283' title='bbox 844 1761 1108 1796; x_wconf 78' lang='lat' dir='ltr'>necessarium</span> <span class='ocrx_word' id='word_1_284' title='bbox 1112 1779 1986 1796; x_wconf 85' lang='grc'><strong>........................................</strong></span> 
     </span>
     <span class='ocr_line' id='line_1_41' title="bbox 335 1800 1994 1848; baseline -0.003 -7"><span class='ocrx_word' id='word_1_285' title='bbox 335 1805 400 1840; x_wconf 90' lang='lat' dir='ltr'>An</span> <span class='ocrx_word' id='word_1_286' title='bbox 422 1805 528 1840; x_wconf 92' lang='lat' dir='ltr'>Deus</span> <span class='ocrx_word' id='word_1_287' title='bbox 550 1804 822 1841; x_wconf 87' lang='lat' dir='ltr'>universaliter</span> <span class='ocrx_word' id='word_1_288' title='bbox 846 1805 897 1840; x_wconf 85' lang='lat' dir='ltr'>sit</span> <span class='ocrx_word' id='word_1_289' title='bbox 908 1804 1114 1848; x_wconf 83' lang='lat' dir='ltr'>perfectus,</span> <span class='ocrx_word' id='word_1_290' title='bbox 1128 1805 1237 1848; x_wconf 84' lang='lat' dir='ltr'>quasi</span> <span class='ocrx_word' id='word_1_291' title='bbox 1253 1803 1429 1839; x_wconf 89' lang='lat' dir='ltr'>omnium</span> <span class='ocrx_word' id='word_1_292' title='bbox 1441 1803 1482 1839; x_wconf 90' lang='lat' dir='ltr'>in</span> <span class='ocrx_word' id='word_1_293' title='bbox 1495 1812 1537 1839; x_wconf 90' lang='lat' dir='ltr'>se</span> <span class='ocrx_word' id='word_1_294' title='bbox 1551 1801 1831 1846; x_wconf 88' lang='lat' dir='ltr'>perfectionem</span> <span class='ocrx_word' id='word_1_295' title='bbox 1845 1800 1994 1837; x_wconf 89' lang='lat' dir='ltr'>habens</span> 
     </span>
     <span class='ocr_line' id='line_1_42' title="bbox 334 1848 1984 1892; baseline -0.004 -8"><span class='ocrx_word' id='word_1_296' title='bbox 334 1849 398 1884; x_wconf 91' lang='lat' dir='ltr'>An</span> <span class='ocrx_word' id='word_1_297' title='bbox 422 1849 622 1884; x_wconf 87' lang='lat' dir='ltr'>creaturae</span> <span class='ocrx_word' id='word_1_298' title='bbox 645 1849 796 1892; x_wconf 83' lang='lat' dir='ltr'>possint</span> <span class='ocrx_word' id='word_1_299' title='bbox 820 1858 906 1884; x_wconf 87' lang='lat' dir='ltr'>esse</span> <span class='ocrx_word' id='word_1_300' title='bbox 929 1848 1010 1884; x_wconf 89' lang='lat' dir='ltr'>Deo</span> <span class='ocrx_word' id='word_1_301' title='bbox 1034 1848 1182 1884; x_wconf 84' lang='lat' dir='ltr'>similes</span> <span class='ocrx_word' id='word_1_302' title='bbox 1190 1867 1984 1880; x_wconf 87' lang='grc'><strong>....................................</strong></span> 
     </span>
     <span class='ocr_line' id='line_1_43' title="bbox 334 1891 1986 1936; baseline -0.004 -9"><span class='ocrx_word' id='word_1_303' title='bbox 334 1892 398 1928; x_wconf 89' lang='lat' dir='ltr'>An</span> <span class='ocrx_word' id='word_1_304' title='bbox 421 1891 559 1936; x_wconf 83' lang='lat' dir='ltr'>aliquis</span> <span class='ocrx_word' id='word_1_305' title='bbox 581 1893 621 1927; x_wconf 88' lang='lat' dir='ltr'>in</span> <span class='ocrx_word' id='word_1_306' title='bbox 645 1893 718 1928; x_wconf 89' lang='lat' dir='ltr'>hac</span> <span class='ocrx_word' id='word_1_307' title='bbox 741 1893 822 1928; x_wconf 85' lang='lat' dir='ltr'>vita</span> <span class='ocrx_word' id='word_1_308' title='bbox 844 1892 982 1927; x_wconf 84' lang='lat' dir='ltr'>viderit</span> <span class='ocrx_word' id='word_1_309' title='bbox 1004 1892 1131 1928; x_wconf 89' lang='lat' dir='ltr'>Deum</span> <span class='ocrx_word' id='word_1_310' title='bbox 1134 1912 1986 1927; x_wconf 82' lang='grc'><strong>.......................................</strong></span> 
     </span>
     <span class='ocr_line' id='line_1_44' title="bbox 335 1933 1993 1980; baseline -0.003 -8"><span class='ocrx_word' id='word_1_311' title='bbox 335 1937 399 1972; x_wconf 90' lang='lat' dir='ltr'>An</span> <span class='ocrx_word' id='word_1_312' title='bbox 433 1937 559 1972; x_wconf 90' lang='lat' dir='ltr'>Deum</span> <span class='ocrx_word' id='word_1_313' title='bbox 594 1945 878 1980; x_wconf 84' lang='lat' dir='ltr'>cognoscamus</span> <span class='ocrx_word' id='word_1_314' title='bbox 912 1945 979 1979; x_wconf 90' lang='lat' dir='ltr'>per</span> <span class='ocrx_word' id='word_1_315' title='bbox 1002 1936 1196 1980; x_wconf 83' lang='lat' dir='ltr'>propriam</span> <span class='ocrx_word' id='word_1_316' title='bbox 1221 1936 1390 1979; x_wconf 84' lang='lat' dir='ltr'>speciem</span> <span class='ocrx_word' id='word_1_317' title='bbox 1414 1933 1707 1977; x_wconf 85' lang='lat' dir='ltr'>intelligibilem,</span> <span class='ocrx_word' id='word_1_318' title='bbox 1732 1943 1783 1968; x_wconf 90' lang='lat' dir='ltr'>an</span> <span class='ocrx_word' id='word_1_319' title='bbox 1807 1941 1900 1968; x_wconf 87' lang='lat' dir='ltr'>vero</span> <span class='ocrx_word' id='word_1_320' title='bbox 1924 1941 1993 1976; x_wconf 90' lang='lat' dir='ltr'>per</span> 
     </span>
    </p>

    <p class='ocr_par' dir='ltr' id='par_1_13' title="bbox 336 1981 1990 2196">
     <span class='ocr_line' id='line_1_45' title="bbox 379 1981 1987 2024; baseline -0.006 -7"><span class='ocrx_word' id='word_1_321' title='bbox 379 1981 527 2024; x_wconf 85' lang='lat' dir='ltr'>species</span> <span class='ocrx_word' id='word_1_322' title='bbox 551 1982 815 2016; x_wconf 84' lang='lat' dir='ltr'>creaturarum</span> <span class='ocrx_word' id='word_1_323' title='bbox 820 1999 1987 2016; x_wconf 84' lang='grc'><strong>.....................................................</strong></span> 
     </span>
     <span class='ocr_line' id='line_1_46' title="bbox 336 2021 1986 2067; baseline -0.003 -7"><span class='ocrx_word' id='word_1_324' title='bbox 336 2024 399 2059; x_wconf 91' lang='lat' dir='ltr'>An</span> <span class='ocrx_word' id='word_1_325' title='bbox 422 2024 645 2060; x_wconf 88' lang='lat' dir='ltr'>intellectus</span> <span class='ocrx_word' id='word_1_326' title='bbox 670 2025 822 2060; x_wconf 73' lang='lat' dir='ltr'>creatus</span> <span class='ocrx_word' id='word_1_327' title='bbox 846 2024 1017 2067; x_wconf 84' lang='lat' dir='ltr'>indigeat</span> <span class='ocrx_word' id='word_1_328' title='bbox 1040 2024 1188 2059; x_wconf 88' lang='lat' dir='ltr'>lumine</span> <span class='ocrx_word' id='word_1_329' title='bbox 1212 2022 1359 2066; x_wconf 87' lang='lat' dir='ltr'>gloriae</span> <span class='ocrx_word' id='word_1_330' title='bbox 1383 2023 1430 2058; x_wconf 89' lang='lat' dir='ltr'>ad</span> <span class='ocrx_word' id='word_1_331' title='bbox 1455 2022 1664 2058; x_wconf 88' lang='lat' dir='ltr'>videndum</span> <span class='ocrx_word' id='word_1_332' title='bbox 1687 2021 1813 2057; x_wconf 87' lang='lat' dir='ltr'>Deum</span> <span class='ocrx_word' id='word_1_333' title='bbox 1822 2043 1986 2054; x_wconf 85' lang='grc'><strong>........</strong></span> 
     </span>
     <span class='ocr_line' id='line_1_47' title="bbox 340 2065 1986 2112; baseline -0.005 -8"><span class='ocrx_word' id='word_1_334' title='bbox 340 2068 452 2104; x_wconf 90' lang='lat' dir='ltr'>Unde</span> <span class='ocrx_word' id='word_1_335' title='bbox 476 2068 690 2112; x_wconf 84' lang='lat' dir='ltr'>proveniat,</span> <span class='ocrx_word' id='word_1_336' title='bbox 716 2078 767 2111; x_wconf 85' lang='lat' dir='ltr'>qu</span> <span class='ocrx_word' id='word_1_337' title='bbox 795 2068 817 2102; x_wconf 89' lang='lat' dir='ltr'>d</span> <span class='ocrx_word' id='word_1_338' title='bbox 840 2077 919 2103; x_wconf 87' lang='lat' dir='ltr'>una</span> <span class='ocrx_word' id='word_1_339' title='bbox 943 2068 1039 2103; x_wconf 85' lang='lat' dir='ltr'>visio</span> <span class='ocrx_word' id='word_1_340' title='bbox 1064 2067 1115 2102; x_wconf 82' lang='lat' dir='ltr'>sit</span> <span class='ocrx_word' id='word_1_341' title='bbox 1138 2067 1342 2111; x_wconf 83' lang='lat' dir='ltr'>perfectior</span> <span class='ocrx_word' id='word_1_342' title='bbox 1366 2065 1489 2102; x_wconf 77' lang='lat' dir='ltr'>altera</span> <span class='ocrx_word' id='word_1_343' title='bbox 1493 2086 1986 2101; x_wconf 88' lang='grc'><strong>.......................</strong></span> 
     </span>
     <span class='ocr_line' id='line_1_48' title="bbox 336 2111 1984 2156; baseline -0.004 -10"><span class='ocrx_word' id='word_1_344' title='bbox 336 2112 479 2147; x_wconf 80' lang='lat' dir='ltr'>Utrum</span> <span class='ocrx_word' id='word_1_345' title='bbox 504 2122 590 2148; x_wconf 82' lang='lat' dir='ltr'>esse</span> <span class='ocrx_word' id='word_1_346' title='bbox 615 2113 753 2156; x_wconf 82' lang='lat' dir='ltr'>ubique</span> <span class='ocrx_word' id='word_1_347' title='bbox 777 2112 827 2147; x_wconf 82' lang='lat' dir='ltr'>sit</span> <span class='ocrx_word' id='word_1_348' title='bbox 852 2111 971 2147; x_wconf 78' lang='lat' dir='ltr'>solius</span> <span class='ocrx_word' id='word_1_349' title='bbox 996 2112 1064 2147; x_wconf 79' lang='lat' dir='ltr'>Dei</span> <span class='ocrx_word' id='word_1_350' title='bbox 1069 2131 1984 2147; x_wconf 87' lang='grc'><strong>..........................................</strong></span> 
     </span>
     <span class='ocr_line' id='line_1_49' title="bbox 336 2152 1990 2196; baseline -0.004 -2"><span class='ocrx_word' id='word_1_351' title='bbox 336 2156 592 2194; x_wconf 69' lang='lat' dir='ltr'>(Immensetas</span> <span class='ocrx_word' id='word_1_352' title='bbox 615 2156 698 2195; x_wconf 74' lang='lat' dir='ltr'>Dei)</span> <span class='ocrx_word' id='word_1_353' title='bbox 722 2156 784 2191; x_wconf 81' lang='lat' dir='ltr'>An</span> <span class='ocrx_word' id='word_1_354' title='bbox 808 2156 914 2191; x_wconf 90' lang='lat' dir='ltr'>Deus</span> <span class='ocrx_word' id='word_1_355' title='bbox 938 2155 1197 2191; x_wconf 83' lang='lat' dir='ltr'>essentialiter</span> <span class='ocrx_word' id='word_1_356' title='bbox 1223 2164 1293 2190; x_wconf 88' lang='lat' dir='ltr'>seu</span> <span class='ocrx_word' id='word_1_357' title='bbox 1318 2154 1489 2190; x_wconf 85' lang='lat' dir='ltr'>essent-ia</span> <span class='ocrx_word' id='word_1_358' title='bbox 1513 2163 1585 2189; x_wconf 87' lang='lat' dir='ltr'>sua</span> <span class='ocrx_word' id='word_1_359' title='bbox 1609 2153 1659 2188; x_wconf 87' lang='lat' dir='ltr'>sit</span> <span class='ocrx_word' id='word_1_360' title='bbox 1673 2152 1823 2196; x_wconf 87' lang='lat' dir='ltr'>ubique,</span> <span class='ocrx_word' id='word_1_361' title='bbox 1836 2161 1887 2188; x_wconf 89' lang='lat' dir='ltr'>an</span> <span class='ocrx_word' id='word_1_362' title='bbox 1898 2161 1990 2187; x_wconf 87' lang='lat' dir='ltr'>vero</span> 
     </span>
    </p>

    <p class='ocr_par' dir='ltr' id='par_1_14' title="bbox 336 2198 1991 2287">
     <span class='ocr_line' id='line_1_50' title="bbox 381 2198 1985 2246; baseline -0.006 -11"><span class='ocrx_word' id='word_1_363' title='bbox 381 2201 538 2235; x_wconf 85' lang='lat' dir='ltr'>tantum</span> <span class='ocrx_word' id='word_1_364' title='bbox 562 2201 601 2235; x_wconf 85' lang='lat' dir='ltr'>in</span> <span class='ocrx_word' id='word_1_365' title='bbox 626 2200 744 2243; x_wconf 86' lang='lat' dir='ltr'>coelo,</span> <span class='ocrx_word' id='word_1_366' title='bbox 769 2201 808 2235; x_wconf 85' lang='lat' dir='ltr'>et</span> <span class='ocrx_word' id='word_1_367' title='bbox 832 2200 977 2235; x_wconf 86' lang='lat' dir='ltr'>virtute</span> <span class='ocrx_word' id='word_1_368' title='bbox 1002 2200 1118 2243; x_wconf 85' lang='lat' dir='ltr'>atque</span> <span class='ocrx_word' id='word_1_369' title='bbox 1144 2198 1367 2242; x_wconf 87' lang='lat' dir='ltr'>operatione</span> <span class='ocrx_word' id='word_1_370' title='bbox 1391 2198 1532 2241; x_wconf 81' lang='lat' dir='ltr'>ubique</span> <span class='ocrx_word' id='word_1_371' title='bbox 1535 2220 1828 2233; x_wconf 86' lang='grc'><strong>..............</strong></span> <span class='ocrx_word' id='word_1_372' title='bbox 1841 2220 1851 2246; x_wconf 91' lang='lat'>.·</span> <span class='ocrx_word' id='word_1_373' title='bbox 1866 2218 1985 2228; x_wconf 91' lang='grc'><strong>......</strong></span> 
     </span>
     <span class='ocr_line' id='line_1_51' title="bbox 336 2239 1991 2287; baseline -0.002 -8"><span class='ocrx_word' id='word_1_374' title='bbox 336 2244 406 2285; x_wconf 80' lang='lat' dir='ltr'>(De</span> <span class='ocrx_word' id='word_1_375' title='bbox 429 2243 585 2287; x_wconf 86' lang='lat' dir='ltr'>reliquis</span> <span class='ocrx_word' id='word_1_376' title='bbox 610 2243 806 2279; x_wconf 87' lang='lat' dir='ltr'>attributis</span> <span class='ocrx_word' id='word_1_377' title='bbox 831 2244 942 2287; x_wconf 89' lang='lat' dir='ltr'>primi</span> <span class='ocrx_word' id='word_1_378' title='bbox 967 2244 1135 2287; x_wconf 80' lang='lat' dir='ltr'>generis)</span> <span class='ocrx_word' id='word_1_379' title='bbox 1160 2244 1187 2278; x_wconf 82' lang='grc' dir='ltr'>Ι.</span> <span class='ocrx_word' id='word_1_380' title='bbox 1212 2243 1275 2277; x_wconf 84' lang='grc' dir='ltr'>Α11</span> <span class='ocrx_word' id='word_1_381' title='bbox 1288 2241 1564 2285; x_wconf 89' lang='lat' dir='ltr'>Deus‚Deique</span> <span class='ocrx_word' id='word_1_382' title='bbox 1578 2241 1750 2277; x_wconf 85' lang='lat' dir='ltr'>actiones</span> <span class='ocrx_word' id='word_1_383' title='bbox 1763 2239 1991 2283; x_wconf 71' lang='lat' dir='ltr'>subJaceant</span> 
     </span>
    </p>

    <p class='ocr_par' dir='ltr' id='par_1_15' title="bbox 333 2287 1991 2418">
     <span class='ocr_line' id='line_1_52' title="bbox 380 2287 1984 2333; baseline -0.006 -9"><span class='ocrx_word' id='word_1_384' title='bbox 380 2287 557 2330; x_wconf 83' lang='lat' dir='ltr'>tempori,</span> <span class='ocrx_word' id='word_1_385' title='bbox 581 2288 663 2323; x_wconf 86' lang='lat' dir='ltr'>sive</span> <span class='ocrx_word' id='word_1_386' title='bbox 686 2287 846 2331; x_wconf 85' lang='lat' dir='ltr'>physice</span> <span class='ocrx_word' id='word_1_387' title='bbox 871 2287 952 2322; x_wconf 88' lang='lat' dir='ltr'>sive</span> <span class='ocrx_word' id='word_1_388' title='bbox 977 2287 1984 2333; x_wconf 65' lang='lat' dir='ltr'>metaphisice................................3.</span> 
     </span>
     <span class='ocr_line' id='line_1_53' title="bbox 335 2327 1991 2381; baseline -0.002 -15"><span class='ocrx_word' id='word_1_389' title='bbox 335 2331 399 2366; x_wconf 91' lang='lat' dir='ltr'>An</span> <span class='ocrx_word' id='word_1_390' title='bbox 422 2331 534 2381; x_wconf 34' lang='lat' dir='ltr'>Deus,</span> <span class='ocrx_word' id='word_1_391' title='bbox 551 2331 606 2366; x_wconf 87' lang='lat' dir='ltr'>ita</span> <span class='ocrx_word' id='word_1_392' title='bbox 629 2331 753 2374; x_wconf 86' lang='lat' dir='ltr'>possit</span> <span class='ocrx_word' id='word_1_393' title='bbox 774 2331 895 2366; x_wconf 87' lang='lat' dir='ltr'>videri</span> <span class='ocrx_word' id='word_1_394' title='bbox 920 2332 1066 2366; x_wconf 84' lang='lat' dir='ltr'>visione</span> <span class='ocrx_word' id='word_1_395' title='bbox 1090 2329 1252 2366; x_wconf 90' lang='lat' dir='ltr'>mentali</span> <span class='ocrx_word' id='word_1_396' title='bbox 1279 2331 1321 2365; x_wconf 85' lang='lat' dir='ltr'>ut</span> <span class='ocrx_word' id='word_1_397' title='bbox 1346 2329 1698 2373; x_wconf 86' lang='lat' dir='ltr'>comprehendatur</span> <span class='ocrx_word' id='word_1_398' title='bbox 1723 2328 1806 2364; x_wconf 85' lang='lat' dir='ltr'>eius</span> <span class='ocrx_word' id='word_1_399' title='bbox 1821 2327 1991 2363; x_wconf 80' lang='lat' dir='ltr'>essentia</span> 
     </span>
     <span class='ocr_line' id='line_1_54' title="bbox 333 2374 1985 2418; baseline -0.005 -8"><span class='ocrx_word' id='word_1_400' title='bbox 333 2375 397 2410; x_wconf 91' lang='lat' dir='ltr'>An</span> <span class='ocrx_word' id='word_1_401' title='bbox 421 2374 558 2418; x_wconf 80' lang='lat' dir='ltr'>aliquis</span> <span class='ocrx_word' id='word_1_402' title='bbox 585 2375 624 2410; x_wconf 89' lang='lat' dir='ltr'>in</span> <span class='ocrx_word' id='word_1_403' title='bbox 648 2375 722 2410; x_wconf 88' lang='lat' dir='ltr'>hac</span> <span class='ocrx_word' id='word_1_404' title='bbox 745 2375 826 2410; x_wconf 87' lang='lat' dir='ltr'>vita</span> <span class='ocrx_word' id='word_1_405' title='bbox 850 2375 976 2411; x_wconf 89' lang='lat' dir='ltr'>Deum</span> <span class='ocrx_word' id='word_1_406' title='bbox 1000 2375 1135 2410; x_wconf 85' lang='lat' dir='ltr'>viderit</span> <span class='ocrx_word' id='word_1_407' title='bbox 1136 2394 1985 2407; x_wconf 22' lang='grc'><strong>........................................</strong></span> 
     </span>
    </p>
   </div>
   <div class='ocr_carea' id='block_1_13' title="bbox 276 2451 1247 2507">
    <p class='ocr_par' dir='ltr' id='par_1_16' title="bbox 276 2451 1247 2507">
     <span class='ocr_line' id='line_1_55' title="bbox 276 2451 1247 2507; baseline -0.001 -13"><span class='ocrx_word' id='word_1_408' title='bbox 276 2451 341 2494; x_wconf 90' lang='lat' dir='ltr'>De</span> <span class='ocrx_word' id='word_1_409' title='bbox 373 2451 592 2494; x_wconf 86' lang='lat' dir='ltr'>attributis</span> <span class='ocrx_word' id='word_1_410' title='bbox 623 2451 665 2493; x_wconf 91' lang='lat' dir='ltr'>in</span> <span class='ocrx_word' id='word_1_411' title='bbox 697 2451 834 2506; x_wconf 90' lang='lat' dir='ltr'>specie</span> <span class='ocrx_word' id='word_1_412' title='bbox 866 2451 1035 2494; x_wconf 89' lang='lat' dir='ltr'>secundi</span> <span class='ocrx_word' id='word_1_413' title='bbox 1067 2451 1247 2507; x_wconf 85' lang='lat' dir='ltr'>generis.</span> 
     </span>
    </p>
   </div>
   <div class='ocr_carea' id='block_1_14' title="bbox 266 2546 300 2800">
    <p class='ocr_par' dir='ltr' id='par_1_17' title="bbox 266 2546 300 2800">
     <span class='ocr_line' id='line_1_56' title="bbox 266 2546 300 2800; textangle 90"><span class='ocrx_word' id='word_1_414' title='bbox 266 2546 300 2800; x_wconf 50' lang='lat' dir='ltr'>szemvr*</span> 
     </span>
    </p>
   </div>
   <div class='ocr_carea' id='block_1_15' title="bbox 334 2540 1986 2809">
    <p class='ocr_par' dir='ltr' id='par_1_18' title="bbox 334 2540 1986 2809">
     <span class='ocr_line' id='line_1_57' title="bbox 335 2540 1982 2588; baseline -0.004 -7"><span class='ocrx_word' id='word_1_415' title='bbox 335 2545 398 2581; x_wconf 91' lang='lat' dir='ltr'>An</span> <span class='ocrx_word' id='word_1_416' title='bbox 421 2544 490 2581; x_wconf 91' lang='lat' dir='ltr'>Dei</span> <span class='ocrx_word' id='word_1_417' title='bbox 515 2544 677 2580; x_wconf 82' lang='lat' dir='ltr'>scientia</span> <span class='ocrx_word' id='word_1_418' title='bbox 701 2553 770 2580; x_wconf 88' lang='lat' dir='ltr'>seu</span> <span class='ocrx_word' id='word_1_419' title='bbox 793 2544 917 2581; x_wconf 91' lang='lat' dir='ltr'>intelli</span> <span class='ocrx_word' id='word_1_420' title='bbox 948 2554 1011 2580; x_wconf 88' lang='lat' dir='ltr'>ere</span> <span class='ocrx_word' id='word_1_421' title='bbox 1034 2544 1104 2580; x_wconf 91' lang='lat' dir='ltr'>Dei</span> <span class='ocrx_word' id='word_1_422' title='bbox 1128 2544 1180 2580; x_wconf 86' lang='lat' dir='ltr'>sit</span> <span class='ocrx_word' id='word_1_423' title='bbox 1203 2544 1284 2588; x_wconf 88' lang='lat' dir='ltr'>ipse</span> <span class='ocrx_word' id='word_1_424' title='bbox 1307 2544 1412 2579; x_wconf 91' lang='lat' dir='ltr'>Deus</span> <span class='ocrx_word' id='word_1_425' title='bbox 1436 2551 1506 2578; x_wconf 87' lang='lat' dir='ltr'>seu</span> <span class='ocrx_word' id='word_1_426' title='bbox 1530 2542 1613 2586; x_wconf 86' lang='lat' dir='ltr'>ipsa</span> <span class='ocrx_word' id='word_1_427' title='bbox 1636 2541 1704 2577; x_wconf 90' lang='lat' dir='ltr'>Dei</span> <span class='ocrx_word' id='word_1_428' title='bbox 1729 2540 1982 2577; x_wconf 74' lang='lat' dir='ltr'>essentia...-</span> 
     </span>
     <span class='ocr_line' id='line_1_58' title="bbox 334 2587 1982 2634; baseline -0.005 -10"><span class='ocrx_word' id='word_1_429' title='bbox 334 2589 399 2624; x_wconf 91' lang='lat' dir='ltr'>An</span> <span class='ocrx_word' id='word_1_430' title='bbox 421 2589 526 2624; x_wconf 89' lang='lat' dir='ltr'>Deus</span> <span class='ocrx_word' id='word_1_431' title='bbox 550 2589 671 2632; x_wconf 87' lang='lat' dir='ltr'>possit</span> <span class='ocrx_word' id='word_1_432' title='bbox 697 2587 807 2632; x_wconf 88' lang='lat' dir='ltr'>plura</span> <span class='ocrx_word' id='word_1_433' title='bbox 830 2588 924 2624; x_wconf 90' lang='lat' dir='ltr'>intel</span> <span class='ocrx_word' id='word_1_434' title='bbox 943 2589 1058 2632; x_wconf 87' lang='lat' dir='ltr'>igere,</span> <span class='ocrx_word' id='word_1_435' title='bbox 1084 2598 1200 2632; x_wconf 87' lang='lat' dir='ltr'>quam</span> <span class='ocrx_word' id='word_1_436' title='bbox 1225 2587 1405 2630; x_wconf 87' lang='lat' dir='ltr'>intelligit</span> <span class='ocrx_word' id='word_1_437' title='bbox 1437 2607 1802 2618; x_wconf 88' lang='lat'><strong>.................</strong></span> <span class='ocrx_word' id='word_1_438' title='bbox 1807 2628 1814 2634; x_wconf 44' lang='grc'><em>·</em></span> <span class='ocrx_word' id='word_1_439' title='bbox 1817 2606 1982 2616; x_wconf 88' lang='grc'><strong>........</strong></span> 
     </span>
     <span class='ocr_line' id='line_1_59' title="bbox 334 2629 1979 2676; baseline -0.004 -8"><span class='ocrx_word' id='word_1_440' title='bbox 334 2633 398 2668; x_wconf 92' lang='lat' dir='ltr'>An</span> <span class='ocrx_word' id='word_1_441' title='bbox 421 2632 528 2668; x_wconf 79' lang='lat' dir='ltr'>Deus</span> <span class='ocrx_word' id='word_1_442' title='bbox 554 2633 764 2675; x_wconf 86' lang='lat' dir='ltr'>cognoscat</span> <span class='ocrx_word' id='word_1_443' title='bbox 787 2631 918 2668; x_wconf 87' lang='lat' dir='ltr'>futura</span> <span class='ocrx_word' id='word_1_444' title='bbox 943 2632 1210 2676; x_wconf 88' lang='lat' dir='ltr'>contingentia</span> <span class='ocrx_word' id='word_1_445' title='bbox 1234 2641 1285 2667; x_wconf 79' lang='lat' dir='ltr'>ex</span> <span class='ocrx_word' id='word_1_446' title='bbox 1307 2630 1400 2666; x_wconf 88' lang='lat' dir='ltr'>reali</span> <span class='ocrx_word' id='word_1_447' title='bbox 1425 2630 1597 2674; x_wconf 90' lang='lat' dir='ltr'>ipsorum</span> <span class='ocrx_word' id='word_1_448' title='bbox 1620 2629 1840 2673; x_wconf 83' lang='lat' dir='ltr'>praesentia</span> <span class='ocrx_word' id='word_1_449' title='bbox 1844 2649 1979 2663; x_wconf 85' lang='grc'><strong>.......</strong></span> 
     </span>
     <span class='ocr_line' id='line_1_60' title="bbox 335 2672 1982 2720; baseline -0.004 -8"><span class='ocrx_word' id='word_1_450' title='bbox 335 2677 398 2712; x_wconf 89' lang='lat' dir='ltr'>An</span> <span class='ocrx_word' id='word_1_451' title='bbox 421 2677 526 2712; x_wconf 89' lang='lat' dir='ltr'>Deus</span> <span class='ocrx_word' id='word_1_452' title='bbox 551 2676 761 2719; x_wconf 84' lang='lat' dir='ltr'>cognoscat</span> <span class='ocrx_word' id='word_1_453' title='bbox 784 2676 1018 2711; x_wconf 80' lang='lat' dir='ltr'>universalia</span> <span class='ocrx_word' id='word_1_454' title='bbox 1040 2685 1108 2720; x_wconf 89' lang='lat' dir='ltr'>per</span> <span class='ocrx_word' id='word_1_455' title='bbox 1132 2675 1433 2712; x_wconf 84' lang='lat' dir='ltr'>abstractionem</span> <span class='ocrx_word' id='word_1_456' title='bbox 1457 2672 1698 2717; x_wconf 88' lang='lat' dir='ltr'>praeficionis</span> <span class='ocrx_word' id='word_1_457' title='bbox 1709 2693 1982 2704; x_wconf 82' lang='lat'><strong>.............</strong></span> 
     </span>
     <span class='ocr_line' id='line_1_61' title="bbox 335 2719 1915 2765; baseline -0.005 -9"><span class='ocrx_word' id='word_1_458' title='bbox 335 2721 398 2756; x_wconf 84' lang='lat' dir='ltr'>An</span> <span class='ocrx_word' id='word_1_459' title='bbox 421 2720 526 2756; x_wconf 89' lang='lat' dir='ltr'>Deus</span> <span class='ocrx_word' id='word_1_460' title='bbox 550 2721 655 2756; x_wconf 87' lang='lat' dir='ltr'>certo</span> <span class='ocrx_word' id='word_1_461' title='bbox 681 2719 807 2763; x_wconf 88' lang='lat' dir='ltr'>aliquo</span> <span class='ocrx_word' id='word_1_462' title='bbox 833 2720 964 2755; x_wconf 86' lang='lat' dir='ltr'>ordine</span> <span class='ocrx_word' id='word_1_463' title='bbox 988 2720 1197 2764; x_wconf 84' lang='lat' dir='ltr'>cognoscat</span> <span class='ocrx_word' id='word_1_464' title='bbox 1202 2738 1893 2754; x_wconf 86' lang='grc'><strong>................................</strong></span> <span class='ocrx_word' id='word_1_465' title='bbox 1895 2740 1915 2765; x_wconf 39' lang='grc'>..</span> 
     </span>
     <span class='ocr_line' id='line_1_62' title="bbox 336 2759 1986 2809; baseline -0.004 -9"><span class='ocrx_word' id='word_1_466' title='bbox 336 2763 535 2809; x_wconf 82' lang='lat' dir='ltr'>Quomodo</span> <span class='ocrx_word' id='word_1_467' title='bbox 558 2764 663 2800; x_wconf 91' lang='lat' dir='ltr'>Deus</span> <span class='ocrx_word' id='word_1_468' title='bbox 688 2772 765 2799; x_wconf 89' lang='lat' dir='ltr'>uno</span> <span class='ocrx_word' id='word_1_469' title='bbox 790 2765 879 2799; x_wconf 86' lang='lat' dir='ltr'>actu</span> <span class='ocrx_word' id='word_1_470' title='bbox 896 2764 1105 2807; x_wconf 83' lang='lat' dir='ltr'>cognoscat</span> <span class='ocrx_word' id='word_1_471' title='bbox 1118 2763 1304 2799; x_wconf 84' lang='lat' dir='ltr'>veritates</span> <span class='ocrx_word' id='word_1_472' title='bbox 1319 2760 1574 2798; x_wconf 83' lang='lat' dir='ltr'>affirmativas</span> <span class='ocrx_word' id='word_1_473' title='bbox 1590 2759 1705 2797; x_wconf 86' lang='lat' dir='ltr'>simul</span> <span class='ocrx_word' id='word_1_474' title='bbox 1719 2761 1759 2796; x_wconf 88' lang='lat' dir='ltr'>et</span> <span class='ocrx_word' id='word_1_475' title='bbox 1771 2760 1986 2803; x_wconf 80' lang='lat' dir='ltr'>negativas,</span> 
     </span>
    </p>
   </div>
   <div class='ocr_carea' id='block_1_16' title="bbox 377 2807 1982 2852">
    <p class='ocr_par' dir='ltr' id='par_1_19' title="bbox 377 2807 1982 2852">
     <span class='ocr_line' id='line_1_63' title="bbox 377 2807 1982 2852; baseline -0.006 -8"><span class='ocrx_word' id='word_1_476' title='bbox 377 2809 416 2844; x_wconf 88' lang='lat' dir='ltr'>et</span> <span class='ocrx_word' id='word_1_477' title='bbox 440 2808 722 2852; x_wconf 85' lang='lat' dir='ltr'>propositiones</span> <span class='ocrx_word' id='word_1_478' title='bbox 747 2807 1063 2844; x_wconf 82' lang='lat' dir='ltr'>contradictorias</span> <span class='ocrx_word' id='word_1_479' title='bbox 1066 2824 1982 2843; x_wconf 88' lang='grc'><strong>..........................................</strong></span> 
     </span>
    </p>
   </div>
   <div class='ocr_carea' id='block_1_17' title="bbox 2039 99 2107 126">
    <p class='ocr_par' dir='ltr' id='par_1_20' title="bbox 2039 99 2107 126">
     <span class='ocr_line' id='line_1_64' title="bbox 2039 99 2107 126; baseline 0 0"><span class='ocrx_word' id='word_1_480' title='bbox 2039 99 2107 126; x_wconf 82' lang='lat'>1111</span> 
     </span>
    </p>
   </div>
   <div class='ocr_carea' id='block_1_18' title="bbox 2034 173 2110 311">
    <p class='ocr_par' dir='ltr' id='par_1_21' title="bbox 2034 173 2110 311">
     <span class='ocr_line' id='line_1_65' title="bbox 2034 173 2109 209; baseline -0.027 -6"><span class='ocrx_word' id='word_1_481' title='bbox 2034 173 2109 209; x_wconf 65' lang='lat' dir='ltr'>Peg.</span> 
     </span>
     <span class='ocr_line' id='line_1_66' title="bbox 2067 277 2110 311; baseline 0 0"><span class='ocrx_word' id='word_1_482' title='bbox 2067 277 2110 311; x_wconf 88' lang='lat'>50</span> 
     </span>
    </p>
   </div>
   <div class='ocr_carea' id='block_1_19' title="bbox 2065 386 2107 508">
    <p class='ocr_par' dir='ltr' id='par_1_22' title="bbox 2065 386 2107 508">
     <span class='ocr_line' id='line_1_67' title="bbox 2065 386 2103 420; baseline -0.026 0"><span class='ocrx_word' id='word_1_483' title='bbox 2065 386 2103 420; x_wconf 87' lang='lat'>51</span> 
     </span>
     <span class='ocr_line' id='line_1_68' title="bbox 2066 473 2107 508; baseline -0.024 0"><span class='ocrx_word' id='word_1_484' title='bbox 2066 473 2107 508; x_wconf 83' lang='lat'>51</span> 
     </span>
    </p>
   </div>
   <div class='ocr_carea' id='block_1_20' title="bbox 2065 604 2109 771">
    <p class='ocr_par' dir='ltr' id='par_1_23' title="bbox 2065 604 2109 771">
     <span class='ocr_line' id='line_1_69' title="bbox 2065 604 2105 639; baseline 0 0"><span class='ocrx_word' id='word_1_485' title='bbox 2065 604 2105 639; x_wconf 83' lang='lat'>51</span> 
     </span>
     <span class='ocr_line' id='line_1_70' title="bbox 2065 647 2109 683; baseline -0.045 0"><span class='ocrx_word' id='word_1_486' title='bbox 2065 647 2109 683; x_wconf 80' lang='lat'>57</span> 
     </span>
     <span class='ocr_line' id='line_1_71' title="bbox 2065 691 2109 727; baseline -0.023 0"><span class='ocrx_word' id='word_1_487' title='bbox 2065 691 2109 727; x_wconf 89' lang='lat'>57</span> 
     </span>
     <span class='ocr_line' id='line_1_72' title="bbox 2065 735 2109 771; baseline 0 0"><span class='ocrx_word' id='word_1_488' title='bbox 2065 735 2109 771; x_wconf 88' lang='lat'>58</span> 
     </span>
    </p>
   </div>
   <div class='ocr_carea' id='block_1_21' title="bbox 2065 824 2109 859">
    <p class='ocr_par' dir='ltr' id='par_1_24' title="bbox 2065 824 2109 859">
     <span class='ocr_line' id='line_1_73' title="bbox 2065 824 2109 859; baseline 0 0"><span class='ocrx_word' id='word_1_489' title='bbox 2065 824 2109 859; x_wconf 87' lang='lat'>58</span> 
     </span>
    </p>
   </div>
   <div class='ocr_carea' id='block_1_22' title="bbox 2026 952 2109 1067">
    <p class='ocr_par' dir='ltr' id='par_1_25' title="bbox 2026 952 2109 1067">
     <span class='ocr_line' id='line_1_74' title="bbox 2026 952 2105 987; baseline -0.051 -4"><span class='ocrx_word' id='word_1_490' title='bbox 2026 952 2105 987; x_wconf 70' lang='lat' dir='ltr'>Pag.</span> 
     </span>
     <span class='ocr_line' id='line_1_75' title="bbox 2065 989 2109 1024; baseline -0.023 0"><span class='ocrx_word' id='word_1_491' title='bbox 2065 989 2109 1024; x_wconf 87' lang='lat'>59</span> 
     </span>
     <span class='ocr_line' id='line_1_76' title="bbox 2065 1032 2108 1067; baseline -0.023 0"><span class='ocrx_word' id='word_1_492' title='bbox 2065 1032 2108 1067; x_wconf 85' lang='lat'>59</span> 
     </span>
    </p>
   </div>
   <div class='ocr_carea' id='block_1_23' title="bbox 2065 1122 2108 1155">
    <p class='ocr_par' dir='ltr' id='par_1_26' title="bbox 2065 1122 2108 1155">
     <span class='ocr_line' id='line_1_77' title="bbox 2065 1122 2108 1155; baseline 0 0"><span class='ocrx_word' id='word_1_493' title='bbox 2065 1122 2108 1155; x_wconf 88' lang='lat'>59</span> 
     </span>
    </p>
   </div>
   <div class='ocr_carea' id='block_1_24' title="bbox 2063 1208 2109 1375">
    <p class='ocr_par' dir='ltr' id='par_1_27' title="bbox 2063 1208 2109 1375">
     <span class='ocr_line' id='line_1_78' title="bbox 2064 1208 2109 1243; baseline 0 0"><span class='ocrx_word' id='word_1_494' title='bbox 2064 1208 2109 1243; x_wconf 88' lang='grc'><strong>60</strong></span> 
     </span>
     <span class='ocr_line' id='line_1_79' title="bbox 2063 1252 2104 1287; baseline -0.049 0"><span class='ocrx_word' id='word_1_495' title='bbox 2063 1252 2104 1287; x_wconf 90' lang='grc'>61</span> 
     </span>
     <span class='ocr_line' id='line_1_80' title="bbox 2063 1296 2106 1330; baseline 0 0"><span class='ocrx_word' id='word_1_496' title='bbox 2063 1296 2106 1330; x_wconf 81' lang='lat'>62</span> 
     </span>
     <span class='ocr_line' id='line_1_81' title="bbox 2063 1339 2106 1375; baseline -0.047 0"><span class='ocrx_word' id='word_1_497' title='bbox 2063 1339 2106 1375; x_wconf 80' lang='lat'>62</span> 
     </span>
    </p>
   </div>
   <div class='ocr_carea' id='block_1_25' title="bbox 2061 1428 2107 1551">
    <p class='ocr_par' dir='ltr' id='par_1_28' title="bbox 2061 1428 2107 1551">
     <span class='ocr_line' id='line_1_82' title="bbox 2064 1428 2107 1462; baseline 0 0"><span class='ocrx_word' id='word_1_498' title='bbox 2064 1428 2107 1462; x_wconf 81' lang='lat'>62</span> 
     </span>
     <span class='ocr_line' id='line_1_83' title="bbox 2061 1514 2105 1551; baseline -0.023 0"><span class='ocrx_word' id='word_1_499' title='bbox 2061 1514 2105 1551; x_wconf 82' lang='lat'>62</span> 
     </span>
    </p>
   </div>
   <div class='ocr_carea' id='block_1_26' title="bbox 2018 2502 2099 2749">
    <p class='ocr_par' dir='ltr' id='par_1_29' title="bbox 2018 2502 2099 2749">
     <span class='ocr_line' id='line_1_84' title="bbox 2018 2502 2098 2574; baseline 0 0"><span class='ocrx_word' id='word_1_500' title='bbox 2018 2502 2098 2574; x_wconf 55' lang='lat'>¹³²5&amp;</span> 
     </span>
     <span class='ocr_line' id='line_1_85' title="bbox 2055 2583 2098 2618; baseline 0 0"><span class='ocrx_word' id='word_1_501' title='bbox 2055 2583 2098 2618; x_wconf 86' lang='lat'>85</span> 
     </span>
     <span class='ocr_line' id='line_1_86' title="bbox 2053 2626 2099 2706; baseline 0 0"><span class='ocrx_word' id='word_1_502' title='bbox 2053 2626 2099 2706; x_wconf 65' lang='lat'>{3</span> 
     </span>
     <span class='ocr_line' id='line_1_87' title="bbox 2054 2713 2098 2749; baseline 0 0"><span class='ocrx_word' id='word_1_503' title='bbox 2054 2713 2098 2749; x_wconf 86' lang='lat'>86</span> 
     </span>
    </p>
   </div>
   <div class='ocr_carea' id='block_1_27' title="bbox 2053 2800 2097 2836">
    <p class='ocr_par' dir='ltr' id='par_1_30' title="bbox 2053 2800 2097 2836">
     <span class='ocr_line' id='line_1_88' title="bbox 2053 2800 2097 2836; baseline 0 0"><span class='ocrx_word' id='word_1_504' title='bbox 2053 2800 2097 2836; x_wconf 82' lang='lat'>86</span> 
     </span>
    </p>
   </div>
   <div class='ocr_carea' id='block_1_28' title="bbox 1977 2845 2093 2880">
    <p class='ocr_par' dir='ltr' id='par_1_31' title="bbox 1977 2845 2093 2880">
     <span class='ocr_line' id='line_1_89' title="bbox 1977 2845 2093 2880; baseline -0.017 0"><span class='ocrx_word' id='word_1_505' title='bbox 1977 2845 2007 2880; x_wconf 84' lang='lat'>7.</span> <span class='ocrx_word' id='word_1_506' title='bbox 2033 2845 2093 2879; x_wconf 83' lang='lat' dir='ltr'>An</span> 
     </span>
    </p>
   </div>
  </div>
 </body>
</html>
