2399 3084
254 122 336 164 160
516 118 656 160 DISP.
691 116 766 160 VI.
800 116 872 159 DE
905 116 1314 159 Pnomemmm
1348 116 1577 159 Paccim
1609 114 1949 158 ORIGINALIS.

252 246 292 287 3.
326 246 405 286 art.
441 244 478 286 1.
509 243 679 297 ejusque
710 247 1091 291 commentatorum,
1125 238 1329 293 cajetani,
1362 238 1576 281 Valentia.
1610 240 1687 281 loc.
1706 239 1775 281 cit.
1810 239 1932 282 Verba
1949 238 2138 295 Alaqona
2154 239 2203 282 in

252 303 491 357 compendio
530 303 567 343 T
564 301 709 342 homae
744 300 782 341 1.
817 300 856 341 2.
878 314 949 355 qu.
969 300 1038 341 83.
1057 299 1154 341 haec
1170 306 1269 340 sunt
1280 315 1292 339 .·
1310 301 1531 352 peecatum
1553 298 1773 354 originale,
1797 301 1844 340 ut
1860 299 1903 339 in
1923 298 2059 353 prima
2076 313 2201 340 causa

253 365 315 403 est
344 361 387 401 in
419 360 579 409 Α(13111;
618 362 664 400 uh
700 359 743 400 in
776 373 902 400 causa
938 357 1253 399 instrumentali
1281 360 1344 398 est
1375 357 1419 398 in
1454 357 1614 399 semine
1645 358 1866 412 corporali,
1893 372 1978 399 non
1994 357 2038 398 in
2057 372 2203 407 carne3

253 423 298 461 ut
334 420 378 460 in
410 419 609 473 subjecto,
644 418 743 472 quia
775 432 870 459 earo
902 432 986 457 non
1014 419 1076 457 es‘c
1098 431 1230 470 capax
1248 416 1408 470 culpae,
1426 416 1509 457 nisi
1526 416 1691 457 rahione
1707 431 1880 470 poenae,
1904 419 1967 458 6315
1989 416 2033 457 in
2050 416 2204 458 anima.

251 478 374 522 Addit
412 477 613 519 Valentia
634 478 711 518 loc.
735 476 804 518 cib.
823 489 974 530 corpus
991 489 1128 517 semen
1148 473 1188 516 ἃ·
1205 489 1292 516 rem
1310 476 1581 518 semi-natam
1598 489 1686 517 non
1702 475 1816 531 inlici
1836 475 2048 529 subjective
2067 476 2204 531 quali-

254 546 332 580 tate
344 550 492 591 prata,
511 536 581 577 sed
599 543 763 578 tantum
780 535 860 577 dici
876 535 1096 590 inquinari
1111 534 1331 576 causaliter
1347 534 1604 590 (dispositive
1620 534 1679 576 ait
1696 532 1983 588 Staplebonus)
2002 539 2206 590 quatenus

252 604 350 638 sunt
382 596 658 637 instrumenta
675 594 880 650 quaedam
902 593 1052 649 quibus
1069 594 1192 648 culpa
1210 593 1322 634 Adae
1339 594 1395 634 ad
1408 602 1593 647 posteros
1615 593 1832 635 ordinario
1849 594 1971 635 modo
1987 602 2200 648 qeneratos

251 656 477 697 derivatur.
511 654 684 696 Modum
714 653 826 695 liunc
853 653 1047 695 authores
1077 652 1278 706 explicare
1292 666 1379 694 non
1395 655 1543 704 valent,
1562 653 1648 694 nisi
1662 660 1734 694 aut
1748 660 2094 707 praesupponant
2112 653 2206 694 cmi-

252 728 367 756 mam
394 720 572 754 creatam
599 713 767 754 exsistere
782 725 937 766 puram
958 710 999 753 a·
1015 719 1215 760 sanctam,
1236 712 1363 766 (quod
1384 713 1555 767 salsum,
1578 712 1660 753 vta.
1684 711 1755 753 Fr.
1772 710 1801 752 J
1803 726 1872 752 un.
1890 711 1935 751 in
1953 710 2102 752 Genes.
2123 712 2181 765 2.)
2195 726 2208 752 .·

251 781 323 815 aut
356 774 498 814 saltem
531 771 757 826 Physieam
792 771 991 813 actionem
1028 770 1191 824 corpori
1224 770 1270 811 in
1301 771 1491 812 animam
1516 771 1717 822 tribuant,
1735 771 1859 826 idque
1876 771 1936 812 vel
1952 771 2103 813 occulto
2125 770 2204 812 Dei

244 832 419 886 judicio,
452 833 498 872 uh
529 830 688 871 Parcus
707 832 838 871 contr.
857 829 1058 871 Bellarm.
1083 830 1111 870 1.
1130 829 1169 870 4.
1189 829 1238 870 (16
1257 829 1398 871 3111133.
1416 832 1524 884 grat.
1550 845 1583 871 6.
1607 830 1674 871 12.
1691 830 1753 872 vel
1767 843 1842 884 per
1858 831 2095 872 naturalem
2116 843 2208 870 con-

252 890 535 932 comitantiam
556 888 597 931 H?
613 889 1027 931 eommunicationem
1044 902 1148 944 quae
1166 896 1220 929 est
1245 888 1350 930 inter
1365 889 1584 931 materiam
1607 888 1647 931 ἃ·
1662 890 1860 944 formam,
1878 891 1926 930 ut
1941 888 2087 929 Eshius
2104 888 2146 929 in
2166 889 2207 930 2.

253 950 349 991 dist.
379 949 448 990 31.
483 963 520 990 a.
557 949 594 990 1.
622 949 685 992 «vet
703 962 779 1003 per
794 948 873 990 Dei
889 948 1209 996 ordinationem,
1228 961 1334 1003 quae
1349 948 1491 989 statuit
1508 956 1555 989 ut
1577 948 1684 990 labes
1708 949 1778 990 illa
1794 949 1820 989 a
1841 948 1971 1002 capite
1986 948 2145 990 Adamo
2161 947 2208 988 in

252 1022 393 1050 omnes
423 1009 568 1064 flueret
602 1006 642 1049 li·
673 1007 946 1058 derivaretur,
975 1007 1100 1062 idque
1113 1020 1189 1061 per
1207 1020 1345 1048 semen
1362 1015 1564 1063 tanquam
1581 1008 1827 1049 vehiculum.
1847 1006 2002 1048 Zanch.
2023 1006 2073 1048 cle
2091 1008 2205 1047 statu

253 1067 412 1122 peccati
445 1071 471 1106 Sc
489 1066 618 1122 legali
635 1066 708 1107 lib.
731 1067 767 1108 1.
788 1081 878 1120 cap.
900 1066 1009 1107 thes.
1030 1067 1068 1108 3.
1088 1067 1140 1107 ad
1162 1080 1252 1121 arg.
1272 1066 1313 1107 4.
1330 1066 1403 1107 ubi
1419 1066 1752 1109 distinctionibus
1771 1065 1810 1108 a
1826 1066 1994 1108 cautelis
2012 1065 2207 1107 adhibitis

252 1127 385 1168 studet
419 1126 526 1167 lianc
555 1126 801 1168 sententiam
834 1133 976 1167 eontra
1010 1126 1261 1180 exceptiones
1289 1124 1330 1167 ἃ·
1362 1126 1541 1167 rationes
1560 1127 1680 1168 tueri.
1712 1127 1763 1167 Et
1781 1125 1875 1166 citat
1894 1125 2045 1166 ibidem
2059 1138 2142 1178 pro
2164 1138 2206 1165 se

254 1185 476 1226 Calvinum
493 1184 566 1226 lib.
587 1185 626 1224 2.
644 1183 785 1226 Instit.
798 1199 887 1238 cap.
904 1185 989 1238 Ἐξ.
1006 1185 1044 1226 7.
1058 1183 1174 1225 Idem
1191 1184 1240 1224 de
1259 1184 1418 1237 operib.
1438 1187 1564 1226 creat.
1583 1188 1691 1239 part.
1712 1186 1752 1225 3.
1769 1184 1796 1224 1.
1817 1185 1855 1225 2.
1875 1198 1908 1226 c.
1933 1184 1971 1225 5.
1996 1183 2076 1226 Sed
2093 1184 2207 1238 refu-

254 1252 366 1287 tatur
397 1244 493 1285 liaec
524 1244 663 1298 opinio
700 1244 736 1284 1.
770 1243 891 1294 Quia,
924 1244 1123 1286 actionem
1152 1243 1369 1298 physicam
1401 1245 1583 1298 eorporis
1614 1244 1659 1285 in
1691 1243 1895 1294 animam⁷
1913 1244 2057 1286 saltem
2074 1242 2209 1284 nostri

254 1303 437 1358 tlzeoloqi,
470 1303 682 1345 concedere
705 1302 823 1357 [pag.
847 1302 981 1357 1103]
1000 1316 1087 1344 non
1100 1310 1294 1356 possunt,
1312 1302 1398 1344 nisi
1413 1316 1503 1344 una
1520 1303 1713 1345 desinant
1731 1315 1977 1357 oppuqnare
1992 1302 2207 1356 opiniones

256 1361 501 1418 Pontificius
533 1362 582 1403 de
612 1361 769 1403 actione
790 1374 933 1402 rerum
951 1361 1248 1415 corporalium,
1271 1360 1311 1402 ἃ·
1328 1362 1436 1415 iqnis
1455 1362 1498 1403 in
1515 1362 1742 1404 daemonas
1759 1369 1880 1417 atque
1896 1362 2063 1403 animas
2086 1361 2209 1402 (lam-

254 1429 391 1471 natas‚
424 1421 553 1477 deque
584 1421 735 1462 directa
767 1421 925 1462 actione
955 1434 1086 1475 aquae
1117 1420 1377 1474 baptismalis
1408 1421 1454 1462 in
1470 1422 1659 1463 animam
1678 1421 2002 1475 baptizatorum.
2025 1420 2064 1461 2.
2084 1418 2206 1471 Quia,

254 1480 613 1535 praesupponitur
644 1493 781 1521 semen
813 1493 897 1521 esse
913 1479 1138 1534 subjectum
1158 1479 1390 1533 infectionis
1407 1494 1479 1522 seu
1492 1480 1644 1534 peccati
1660 1480 1904 1522 virtualiter.
1939 1479 2067 1535 Atqui
2083 1479 2206 1522 velim

253 1539 427 1594 probari
458 1538 499 1581 a·
528 1538 726 1593 empticari
753 1546 962 1592 peccatum
991 1539 1178 1589 virtuale,
1196 1538 1246 1579 ab
1269 1539 1424 1580 actuali
1445 1539 1713 1588 distinctum;
1739 1537 1780 1580 a·
1800 1552 1950 1590 semen,
1968 1546 2041 1580 aut
2056 1551 2208 1592 eorpus

255 1612 339 1640 esse
356 1597 579 1652 subjeetum
592 1597 755 1651 peccati,
777 1596 818 1639 a·
833 1611 920 1639 non
937 1598 1074 1639 solum
1096 1597 1318 1639 hominnm
1336 1596 1544 1639 Zanchius
1563 1598 1655 1639 1060
1672 1598 1742 1639 cit.
1760 1598 1815 1640 ad
1832 1598 2094 1654 difficultates
2110 1597 2208 1638 huie

255 1671 356 1699 suae
390 1657 579 1711 opinioni
611 1656 780 1710 objectas
811 1657 868 1699 sie
900 1657 1146 1711 respondere
1175 1664 1363 1698 conatur.
1401 1657 1522 1709 Quod
1552 1658 1790 1712 eontaqium
1822 1655 1856 1698 a
1889 1664 2103 1710 peccatum
2135 1655 2208 1697 lioe

254 1716 445 1771 primum
475 1716 527 1756 sit
558 1716 605 1757 in
635 1728 758 1757 earne
780 1719 985 1771 tanquam
1005 1716 1050 1757 in
1066 1716 1215 1763 radice,
1235 1728 1358 1770 eoque
1375 1729 1450 1770 per
1471 1716 1776 1759 inchoationem
1793 1729 1865 1757 seu
1884 1716 2111 1757 inclzoative
2132 1713 2204 1756 ecc.

256 1775 325 1818 sed
357 1775 528 1830 quando
544 1775 707 1816 accessit
723 1775 882 1823 anima,
902 1775 948 1815 in
963 1788 1009 1816 ea
1026 1775 1133 1817 illud
1146 1775 1361 1831 perficitur
1376 1782 1499 1830 atque
1515 1776 1648 1830 maqis
1668 1775 1918 1826 accenditur,
1942 1782 2144 1830 tanquam
2161 1774 2207 1815 in

258 1834 432 1876 materia
460 1847 532 1875 seu
564 1833 787 1887 subjectum
818 1834 1136 1875 accommodato.
1172 1834 1294 1886 Quod
1314 1834 1521 1876 similibus
1542 1835 1794 1890 quibusdam
1811 1834 1868 1875 ibi
1888 1834 2077 1888 emplicat.
2109 1831 2207 1874 Res.

258 1893 485 1947 Eccplicatio
516 1893 685 1948 quidem
716 1893 936 1947 perspicua
974 1891 1015 1934 ἃ
1046 1893 1273 1948 ingeniosa,
1291 1893 1362 1934 sed
1376 1893 1565 1947 probatio
1581 1894 1714 1937 nulla.
1750 1894 1858 1937 Nam
1877 1906 2038 1947 semper
2052 1892 2209 1947 petitur

255 1952 528 2007 principium,
565 1950 606 1993 a·
627 1951 864 2007 hypotheses
887 1952 992 2003 illae,
1015 1952 1064 1993 de
1079 1952 1234 1994 semine
1249 1952 1449 2004 luciliano,
1473 1951 1513 1994 ἃ·
1530 1953 1578 1994 de
1594 1953 1823 2008 embryone‚
1841 1951 2014 2006 subjecto
2032 1951 2184 2006 peccati
2195 1966 2207 1991 :

257 2012 306 2052 de
335 2011 521 2065 contaqio
558 2012 826 2065 corporaliter
858 2025 936 2065 per
965 2024 1116 2065 corpus
1145 2012 1421 2066 propaqando
1434 2025 1447 2054 .·
1464 2012 1512 2053 de
1528 2012 1743 2067 infectione
1757 2012 1925 2053 animae
1937 2024 2014 2065 per
2030 2020 2207 2065 corpu-ss:

258 2070 380 2125 quasi
411 2070 495 2112 scil.
525 2077 737 2125 peccatum
769 2078 867 2112 esset
885 2070 1119 2113 substantia
1136 2071 1270 2113 Flacci
1291 2071 1435 2113 Illirici
1451 2070 1574 2126 (liant
1592 2071 1773 2113 aliterac
1791 2084 1923 2125 vapor
1938 2069 2117 2124 foetidus
2134 2076 2206 2111 aut
2236 2084 2238 2089 ·

257 2136 481 2170 venenatus
517 2130 564 2170 in
593 2129 714 2171 rebus
751 2129 997 2185 corporeis),·
1031 2137 1105 2171 aut
1122 2131 1267 2172 saltem
1283 2130 1406 2171 realis
1419 2130 1598 2184 positiva
1621 2130 1800 2185 qualitas
1814 2129 2010 2184 patibilis,
2029 2129 2074 2170 in
2092 2128 2207 2170 tertia

257 2188 383 2242 specie
421 2188 647 2243 qualitatis.
684 2189 800 2241 Quae
835 2189 978 2230 omnia
1009 2189 1138 2230 nimis
1169 2189 1300 2231 cruda
1317 2196 1430 2240 sunt,
1448 2202 1577 2244 quam
1596 2196 1641 2231 ut
1659 2190 1685 2229 a
1698 2188 1982 2243 philosophico
1999 2187 2206 2229 stomacho

257 2247 454 2301 concoqui
485 2247 658 2301 possint.
689 2248 739 2289 Et
772 2255 908 2302 posset
941 2248 1038 2289 haec
1067 2248 1208 2302 opinio
1241 2248 1387 2289 iisdem
1420 2248 1505 2302 sere
1525 2248 1758 2290 rationibus
1775 2247 2032 2302 impuqnari,
2056 2246 2207 2302 quibus

258 2304 526 2347 WVittakerus
544 2306 618 2347 lib.
638 2306 676 2347 1.
695 2306 745 2347 de
761 2321 872 2360 pecc.
892 2306 1045 2361 origin.
1065 2321 1154 2361 cap.
1175 2306 1213 2347 8.
1232 2307 1454 2361 impugnat
1471 2307 1707 2361 opinionem
1725 2306 1915 2348 Thomae
1934 2307 1972 2347 1.
1997 2307 2035 2346 2.
2055 2319 2093 2358 q.
2113 2306 2202 2346 3.3.

262 2364 299 2405 1.
323 2364 401 2406 Sed
416 2365 611 2418 pluribus
628 2365 740 2406 hunc
758 2366 931 2407 modum
948 2366 1065 2420 infra
1082 2378 1381 2420 oppuqnamus
1398 2365 1509 2406 thesi
1527 2366 1566 2406 3.
1585 2365 1639 2406 V.
1657 2367 1885 2407 consectar.
1905 2365 1984 2408 Nec
2000 2364 2204 2418 explicant

259 2423 445 2474 modum,
472 2431 545 2466 aut
561 2424 617 2465 ad
630 2424 897 2477 posteriorem
914 2425 1196 2479 quaestionem
1212 2424 1323 2465 thesi
1342 2425 1381 2466 3.
1400 2424 1584 2467 distincte
1598 2425 1852 2479 propositam
1871 2424 2102 2479 quidquam
2119 2435 2205 2464 res-

259 2482 453 2535 pondent,
487 2483 561 2537 qui
592 2482 735 2525 dieunt
753 2483 926 2524 modum
941 2483 1258 2538 propaqationis
1278 2497 1361 2525 esse
1381 2484 1685 2538 qencrationem
1701 2497 1748 2524 ea’
1770 2483 1924 2524 semine
1944 2480 2204 2535 corruptibili

262 2541 525 2581 terminatam
556 2542 612 2582 ad
628 2542 892 2595 suppositum
908 2541 1163 2584 humanum.
1194 2542 1272 2583 Hic
1293 2549 1455 2584 tantum
1472 2543 1528 2583 ad
1543 2542 1822 2598 quaestionem
1837 2542 2016 2596 priorem
2034 2539 2145 2580 thesi
2165 2543 2204 2582 3.

260 2599 515 2652 propositam
531 2601 816 2654 respondetur,
834 2600 874 2643 ἃ·
890 2601 1057 2656 quidem
1075 2614 1161 2642 non
1177 2601 1262 2642 nisi
1278 2601 1333 2642 ad
1349 2602 1436 2655 ejus
1455 2602 1689 2642 membrum
1702 2601 1851 2655 prius.-
1869 2601 1924 2641 ita
1941 2607 1985 2641 ut
2001 2599 2205 2653 posterius

261 2657 495 2698 membrum
532 2658 826 2712 inea-plicatam
857 2658 898 2701 a·
914 2659 1140 2702 indecisum
1158 2667 1350 2708 maneat;
1367 2659 1406 2702 ἃ·
1428 2674 1478 2701 ne
1493 2661 1659 2715 quidem
1674 2659 1951 2714 yenerationis
1966 2657 2116 2699 modus
2130 2670 2206 2710 per

262 2715 428 2756 animae
459 2717 757 2759 trtaluctionem
787 2732 836 2759 cac
848 2718 1093 2772 parentibus
1109 2718 1364 2760 eoecludatur.
1398 2714 1460 2761 Ita
1477 2726 1523 2760 ut
1540 2720 1576 2760 si
1597 2725 1860 2772 comparetur
1881 2718 1976 2759 liaec
1991 2716 2204 2770 empticatio

262 2787 356 2815 eum
384 2774 435 2814 iis
466 2787 571 2828 quae
601 2776 782 2818 indecisa
813 2777 1124 2832 relinquuntur,
1148 2777 1200 2818 sit
1230 2791 1345 2818 mera
1366 2778 1578 2832 erptieatio
1595 2780 1664 2814 τοῦ
1683 2775 1754 2828 ὅτι,
1771 2778 1889 2819 nulla
1909 2789 2003 2817 vero
2020 2773 2115 2812 δὶοτι
2130 2782 2203 2816 aut

263 2832 466 2888 causalis:
499 2846 537 2887 q.
556 2833 596 2873 d.
612 2843 873 2891 propaqatur
885 2849 961 2891 per
975 2836 1293 2890 {fenerationem
1311 2850 1406 2878 eum
1429 2837 1550 2878 homo
1565 2843 1730 2891 qenerat
1751 2835 1974 2877 hominem.
2007 2832 2083 2876 VI.
2105 2847 2203 2875 con-

2054 2895 2201 2935 sectar.

2392 490 2399 505 ,Δ
2391 450 2399 475 em
2389 330 2399 431 -ι-“..
