2399 3084
395 119 538 161 131511.
569 118 642 160 Dss
675 117 844 159 STATU
875 117 1196 159 Enswonun
1230 129 1348 157 ANTE
1386 114 1808 156 CoNVERsloNEM.
1990 111 2072 152 267

141 241 391 295 scripturam
429 240 717 294 profiteantur.
752 241 879 282 etiam
912 239 1172 281 admittendi.
1207 238 1287 287 Qui
1310 238 1423 279 surdi
1443 240 1465 279 a
1482 237 1718 287 nativitate,
1738 237 1786 277 de
1805 235 1957 290 quibus
1975 234 2074 275 solis

140 300 347 340 dubitatio
384 299 542 340 moveri
578 300 696 349 solet,
726 299 974 340 admittendi
1007 301 1104 339 sunt
1135 298 1198 338 illi
1231 297 1301 350 qui
1320 297 1407 337 vita
1425 297 1454 338 81
1472 296 1657 337 moribus
1682 310 1724 335 se
1746 310 1828 336 non
1851 293 2075 335 ostendunt

141 373 229 399 esse
262 358 524 399 afoederatos
552 358 627 408 (ita
664 358 827 412 loquar)
860 358 1065 410 siquidem
1098 371 1171 410 per
1207 358 1333 396 nutus
1361 355 1389 396 81
1427 357 1570 407 gestus
1587 354 1803 394 informati
1820 368 1893 407 per
1910 352 2074 393 eosdem

140 416 235 457 fidei
272 416 314 456 in
352 415 566 457 Christum
599 419 755 457 certam
792 416 977 469 aliquam
1010 415 1360 469 significationem
1393 414 1530 454 edant.
1564 412 1621 453 Et
1652 412 1753 453 haec
1787 414 1849 452 est
1867 410 2076 452 sententia

139 475 309 517 Lvnheri
335 482 431 515 lom.
464 475 503 514 2.
535 476 700 516 lenensi
724 475 967 517 Gernmm'eo
1001 475 1073 528 sol.
1102 474 1199 513 318.
1227 486 1347 513 serm.
1367 473 1415 513 de
1434 473 1481 514 N.
1509 473 1550 512 T.
1574 471 1844 512 [110101111101115Ἰ
1870 470 1917 513 in¹
1935 469 2075 511 consil.

140 541 248 587 parc.
272 534 306 573 l.
325 547 367 587 p.
387 534 485 574 268.
509 532 673 587 &paru
693 535 731 574 2.
750 548 792 587 φ).
811 534 908 574 284.
927 534 1014 574 .ΙοΙ1.
1036 533 1213 574 Gerardt'
1231 539 1327 572 lom.
1351 532 1475 572 5100.
1495 544 1627 571 comm¹
1667 530 1721 570 ΙΙΙ.
1755 530 1851 569 226.
1880 527 2077 569 Balclnini

140 592 185 633 ’ἱη
218 592 378 633 casibus
410 591 462 634 lib
504 593 541 632 2.
561 605 649 646 cap.
672 593 737 633 12.
758 606 836 633 eas.
861 592 925 632 12.
945 591 1015 632 ubi
1036 591 1150 631 varia
1168 589 1297 631 refert
1315 589 1517 642 exempla.
1552 588 1669 636 Quod
1688 591 1826 628 autem
1848 586 1962 627 addit
1984 586 2077 627 Bal-

139 651 298 692 dzcimcs
329 650 398 691 hic
435 651 696 704 praeclarum
723 665 844 691 usum
863 650 1018 691 habere
1045 649 1229 702 picturas
1248 650 1276 690 81
1294 648 1501 700 imagines
1523 646 1799 687 historiarum
1823 645 1876 686 V.
1900 646 1928 686 ἃ
1951 643 2006 685 N.
2026 643 2074 684 T.

140 724 204 750 ex.
223 723 285 763 gr.
305 709 354 749 de
388 708 545 750 Christi
578 708 813 758 nativitate,
847 709 1039 762 passione
1063 709 1126 749 &cn
1152 723 1202 748 ex
1219 707 1370 761 quibus
1393 707 1528 759 ipsam
1547 720 1634 746 rem
1658 704 1867 745 addiscere
1890 702 2076 756 possint:

141 767 244 807 illud
263 767 368 807 mihi
384 782 458 820 per
475 767 614 808 omnia
632 782 712 808 non
730 768 778 807 fit
790 767 1039 808 verisimile:
1059 766 1260 820 quidquid
1283 765 1451 808 Plinius
1469 764 1535 806 lib.
1552 764 1618 804 85.
1632 777 1720 817 cap.
1735 763 1772 803 4.
1787 763 1835 803 de
1846 762 2017 816 picturis
2034 761 2077 801 in.

137 839 282 879 qenere
299 826 327 866 81
346 827 646 875 Damaseenus,
668 826 834 880 Greqor.
852 827 917 869 M..
934 826 1226 880 Hieronymus,
1243 825 1409 877 Grefsor.
1426 824 1637 878 Nyssmms
1650 822 1747 863 ibid.
1764 821 1826 862 cic.
1842 821 1891 861 de
1903 819 2077 874 picturis

140 885 268 925 sacris
286 884 528 925 edisserant.
562 883 656 924 Non
677 884 838 935 desunt,
858 884 928 937 qui
947 884 1172 937 opinantur
1195 883 1353 936 absque
1371 882 1497 923 verbo
1530 884 1698 921 externe
1716 895 1790 934 per
1812 878 2077 930 analogicum

140 943 260 983 illum
283 942 499 997 signorum
532 957 766 983 sermonem
799 943 933 983 surdis
960 942 1211 996 praedicato,
1239 941 1375 982 Deum
1394 941 1557 981 interne
1574 940 1616 980 in
1634 939 1736 992 ipsis
1757 938 1878 979 fidem
1897 937 1939 977 in
1961 936 2080 977 Chri-

141 1004 251 1041 stum
270 1001 447 1054 operari.
481 1000 572 1049 Quo
594 1001 788 1042 videntur
804 1001 941 1042 facere
958 1001 1085 1041 verba
1104 999 1351 1054 Hieronymi
1373 999 1415 1039 in
1439 999 1658 1052 epistolam
1678 997 1729 1038 ad
1747 996 1918 1037 Galatas
1935 995 2034 1035 ibid.
2056 997 2080 1034 a

142 1060 349 1101 Baldumo
383 1060 530 1101 citata:
567 1060 694 1100 habet
725 1060 877 1113 inquit,
919 1058 959 1101 ἃ·
990 1060 1134 1100 (mium.
1161 1072 1284 1099 aures
1307 1071 1527 1112 suasquds
1545 1056 1834 1111 qm‘lzahuerit,
1860 1068 1943 1095 non
1961 1067 2077 1107 maq-

140 1131 290 1172 vmopere
308 1118 502 1173 indiqc'w'c
524 1118 588 1159 lais
602 1118 777 1160 auribus
794 1119 978 1172 corporis
996 1118 1051 1159 ad
1067 1118 1390 1170 coquoseemlmn
1415 1116 1567 1159 Christi
1587 1114 1774 1168 emmqeli
1780 1128 1863 1154 11111.

199 1175 243 1220 3.
277 1176 470 1218 Movetur
487 1177 516 1217 81
534 1177 648 1217 aliud
666 1177 837 1218 dubium
854 1176 1198 1231 praecedentibus
1226 1176 1366 1225 affine,
1387 1175 1435 1215 de
1453 1174 1683 1215 amentium
1701 1173 1932 1226 sepultura,
1952 1185 2078 1225 quam

141 1238 304 1285 vocant,
338 1235 593 1276 Christiana.
628 1234 800 1276 Invenio
837 1236 880 1276 111
913 1236 1093 1277 consiliis
1126 1233 1166 1275 ἃ·
1184 1234 1355 1288 jndc'ciis
1374 1234 1542 1287 tleeology.
1566 1234 1630 1274 810.
1651 1230 1896 1272 Germanice
1916 1229 2038 1270 editis
2057 1231 2080 1270 a

143 1294 339 1348 Philippo
373 1295 520 1335 Hanen
548 1294 786 1334 ecclesiaste
811 1293 1165 1348 Magdeburgensi
1184 1308 1219 1333 a.
1247 1293 1372 1333 1650.
1392 1292 1464 1332 ubi
1485 1299 1596 1332 tract.
1618 1291 1657 1331 8.
1674 1304 1713 1343 p.
1734 1290 1802 1330 98.
1820 1289 1927 1329 hanc
1951 1302 2079 1342 quae-

143 1353 323 1393 stionem
353 1367 403 1393 ex
433 1353 636 1407 pastorali
653 1353 822 1394 L‘zdlzeri
838 1352 895 1393 M.
915 1352 1094 1393 Conradi
1112 1351 1263 1392 Portae
1287 1350 1494 1405 proponit,
1515 1351 1543 1392 81
1562 1364 1610 1390 ex
1633 1362 1828 1403 responso
1845 1347 2013 1388 Lullzeri
2030 1347 2080 1387 ad

142 1410 440 1452 Wenceslaum
459 1411 641 1452 Lincken
662 1411 790 1465 (quod
808 1414 924 1452 extat
942 1419 1036 1452 tom.
1053 1411 1089 1450 8.
1114 1411 1186 1464 fol.
1206 1410 1323 1463 412.)
1347 1410 1390 1450 in
1408 1411 1571 1463 partem
1590 1408 1619 1449 Α
1626 1410 1672 1463 ff
1696 1406 1960 1448 determinat.
1994 1404 2080 1445 Ra»

141 1470 202 1510 tio
235 1472 376 1511 autem
414 1469 589 1510 Lutheri
621 1470 724 1510 haec
752 1472 828 1519 est,
848 1470 945 1523 quia
967 1470 1073 1510 tales
1092 1472 1230 1510 mente
1248 1469 1359 1522 capti
1377 1468 1463 1509 sive
1488 1469 1510 1508 ἐι
1527 1466 1750 1507 nativitate
1772 1465 1858 1506 sive
1882 1466 1905 1505 a
1923 1479 2033 1510 casu,
2059 1465 2081 1504 a

142 1528 308 1569 diabolo
335 1528 395 1569 ita
429 1528 660 1570 dementari
693 1528 941 1569 credendum
966 1528 1032 1569 sit.
1068 1527 1203 1576 Quam
1219 1528 1428 1569 rationem
1446 1541 1540 1567 cum
1557 1540 1638 1566 non
1656 1524 1813 1578 absque
1831 1537 1962 1578 grano
1982 1522 2081 1563 salis

143 1587 426 1641 accipiendam
459 1587 704 1641 judicarem,
743 1587 901 1628 contuli
935 1587 1124 1628 Andreae
1161 1586 1319 1628 Kesleri
1350 1585 1592 1639 tlzeologyiam
1624 1597 1799 1625 casuum
1817 1581 2083 1623 conscienlt'ac

143 1660 238 1686 ann.
274 1645 401 1686 1651.
432 1645 671 1700 germanice
705 1646 871 1695 editam,
911 1646 982 1686 ubi
1014 1660 1102 1700 cap.
1128 1646 1197 1688 62.
1215 1660 1307 1686 eam
1325 1643 1498 1698 corrigit
1515 1645 1588 1683 aut
1605 1657 1679 1696 per
1696 1641 1992 1682 limitationem
2011 1655 2081 1680 ex-

142 1703 283 1757 plicat.
318 1703 517 1751 Quamvis
550 1704 659 1744 enim
693 1704 824 1756 aliqui
842 1706 1041 1753 amentes,
1065 1703 1186 1754 fatui,
1209 1703 1455 1757 phrenetici,
1476 1700 1670 1750 maniaci,
1694 1700 1758 1741 810.
1780 1702 1852 1740 aut
1871 1701 1894 1739 a
1912 1698 2078 1739 diabolo

142 1762 248 1802 tales
285 1762 401 1811 fiant,
432 1764 505 1803 aut
541 1777 636 1803 cum
657 1761 759 1802 facti
788 1765 898 1811 sunt,
917 1764 939 1802 {1
958 1762 1123 1803 diabolo
1146 1762 1362 1815 agitentur
1383 1761 1469 1801 sive
1487 1775 1561 1813 per
1584 1758 1848 1799 vexationem
1866 1759 2081 1798 externam

143 1820 230 1860 sive
252 1835 326 1874 per
346 1820 672 1874 possessionem:
697 1821 746 1861 de
764 1821 957 1861 omnibus
978 1823 1121 1861 tamen
1143 1820 1222 1861 1100
1239 1819 1369 1860 statui
1388 1833 1467 1859 non
1488 1818 1624 1867 debet,
1658 1832 1709 1857 ne
1728 1816 1895 1869 quidem
1919 1815 1967 1855 de
1990 1815 2081 1867 ple-

142 1878 295 1932 risque.
330 1878 483 1920 Confer
514 1879 621 1932 disp.
654 1886 841 1920 nostram
869 1879 917 1920 de
944 1879 1256 1932 Enerqwmene's.
1277 1878 1383 1933 [pag
1416 1877 1520 1930 429]
1541 1876 1597 1916 Et
1615 1876 1724 1925 dato,
1745 1889 1832 1915 esse
1850 1874 2012 1927 aliquos
2031 1887 2081 1913 ex

143 1937 342 1991 possessis
361 1940 434 1978 aut
451 1937 626 1991 agitatis
650 1939 673 1977 a
695 1937 860 1978 diabolo
879 1938 928 1978 ad
948 1937 1188 1987 amentiam,
1208 1939 1281 1977 aut
1302 1935 1545 1976 fatuitatem
1567 1934 1756 1975 redactos
1777 1949 1785 1981 ς
1819 1932 1915 1972 inde
1937 1934 2080 1972 tamen

142 1996 264 2036 firma
294 1996 592 2049 consequentia
622 2010 707 2036 non
744 1995 908 2037 ducitur
940 2010 1008 2036 eos
1040 1998 1243 2049 tanquam
1261 1995 1404 2035 fideles
1427 1995 1500 2034 aut
1516 1994 1558 2034 in
1579 1995 1693 2033 statu
1711 1990 1873 2046 gratiae
1892 1991 2078 2030 mortuos

143 2053 383 2095 Christiana
416 2054 633 2107 sepultura
655 2054 996 2095 cohonestandos.
1032 2053 1140 2102 Quid
1177 2053 1211 2094 si
1244 2053 1355 2094 enim
1372 2052 1469 2101 sint,
1489 2051 1560 2105 qui
1577 2050 1706 2104 impia
1723 2050 1809 2090 vita
1828 2048 2080 2089 diabolicum

143 2112 221 2154 hoc
237 2113 395 2153 malum
413 2112 493 2153 sibi
511 2112 817 2161 accersiverint,
841 2115 914 2153 aut
931 2113 1003 2166 qui
1021 2112 1105 2153 sint
1123 2111 1395 2166 energumeni
1420 2109 1658 2164 Pythonici,
1678 2111 1706 2151 81
1724 2107 1888 2148 diabolo
1907 2120 2080 2147 consen-

142 2171 274 2212 serint
305 2173 379 2211 aut
410 2171 739 2212 subservierint?
770 2170 877 2211 Vide
894 2171 943 2211 de
962 2170 1255 2225 energumenis
1283 2169 1526 2223 Pythonicis
1545 2168 1650 2221 disp.
1670 2174 1858 2208 nostram
1877 2164 1997 2206 niodo
2017 2164 2079 2205 cit.

143 2229 261 2278 Quod
297 2230 348 2269 ad
378 2229 516 2282 ipsam
547 2230 807 2283 sepulturam
841 2229 1086 2279 amentium,
1105 2228 1372 2278 furiosorum,
1390 2240 1690 2281 possessorum,
1708 2224 1988 2265 lunaticorum
2011 2224 2077 2264 810.

142 2288 287 2328 nolum
303 2287 596 2328 difficultatem
612 2301 801 2328 movere:
836 2288 1169 2341 quandoquidem
1196 2301 1244 2328 ea
1266 2288 1329 2327 est
1346 2285 1565 2326 hominum
1583 2299 1666 2338 qua
1688 2282 1920 2331 hominum,
1940 2282 1969 2323 81
1985 2295 2083 2322 0011-

145 2348 366 2400 sequenter
394 2345 576 2398 pertinet
605 2346 771 2399 proprie
794 2347 845 2386 ad
866 2348 1119 2399 potestatem
1137 2345 1166 2386 81
1184 2344 1529 2386 communitatem
1546 2342 1775 2397 politicam,
1793 2354 1875 2381 non
1893 2353 1990 2380 vero
2014 2353 2080 2380 ec-

145 2404 435 2445 clesiasticam.
468 2403 531 2444 De
564 2404 714 2445 debitis
747 2404 992 2445 ceremoniis
1021 2403 1325 2453 ecclesiasticis,
1349 2402 1532 2456 primum
1549 2400 1774 2441 videndum
1791 2401 1900 2439 esset
1922 2412 2029 2451 quae
2053 2398 2082 2438 81

146 2463 290 2516 quales
326 2462 424 2502 illae
462 2462 557 2511 sint,
592 2462 621 2503 81
652 2465 744 2502 tum
765 2462 931 2503 demum
949 2462 1260 2516 despiciendum
1279 2476 1330 2502 an
1348 2461 1377 2502 81
1397 2475 1503 2514 quae
1521 2458 1712 2500 adhiberi
1729 2456 1891 2511 possint
1908 2458 1981 2496 aut
1992 2459 2081 2496 ‘non

146 2521 320 2575 possint.
367 2520 448 2562 Sed
485 2521 533 2560 de
566 2520 645 2569 his,
684 2520 861 2573 aliisque
890 2520 1100 2561 similibus
1118 2520 1159 2560 111
1176 2520 1322 2574 politia
1343 2518 1605 2560 ecclesiastiea
1623 2530 1710 2570 cap.
1729 2516 1777 2557 de
1798 2515 2014 2569 sepultura
2032 2529 2083 2555 ex

146 2579 333 2633 professo
351 2579 573 2633 agendum.

142 2648 146 2651 '
203 2636 249 2682 4.
283 2638 348 2678 Ex
380 2637 431 2678 iis
468 2651 574 2690 quae
607 2638 656 2677 de
693 2637 828 2678 surdis
855 2637 884 2678 81
912 2637 1149 2678 amentibus
1173 2636 1406 2686 attulimus,
1425 2638 1527 2688 puto
1546 2634 1647 2675 satis
1666 2633 1752 2687 jam
1771 2632 1975 2686 explicata
1993 2645 2082 2672 esse

146 2697 421 2750 problemata,
440 2709 546 2749 quae
574 2695 617 2735 in
634 2695 796 2749 syllabo
813 2698 955 2736 nostro
973 2697 1205 2736 occurrunt.
1240 2695 1304 2735 De
1323 2694 1474 2748 quibus
1494 2695 1540 2733 ut
1561 2693 1591 2733 81
1613 2692 1661 2732 de
1679 2691 1852 2745 reliquis
1875 2690 2081 2738 omnibus,

147 2769 252 2808 quae
274 2757 476 2808 tanquam
495 2754 605 2794 nuda
623 2754 789 2803 sceleta,
809 2754 948 2794 addito
971 2753 1092 2808 signo
1113 2752 1163 2794 A.
1181 2755 1254 2793 aut
1272 2751 1325 2793 N.
1354 2755 1427 2793 aut
1452 2751 1504 2792 D.
1524 2753 1596 2791 aut
1618 2749 1667 2790 E.
1688 2750 1753 2791 810.
1777 2750 2080 2803 proponuntur.

146 2813 273 2855 velim
295 2812 594 2867 peremtorium
608 2811 811 2865 judicium
834 2812 886 2852 ab
905 2812 1049 2865 aequis
1067 2811 1292 2852 lectoribus
1310 2825 1391 2852 11011
1410 2810 1515 2860 fieri,
1542 2823 1618 2850 nec
1640 2808 1736 2849 aliis
1758 2807 1990 2849 ferentibus
2009 2820 2082 2858 ap-

1926 2863 2084 2919 plaudi,
