2399 3084
573 123 1639 168 D1sP.XI.DESABssmwmETFEsvris.
1981 120 2071 162 329

135 251 230 303 post
256 251 421 291 taxatas
448 248 655 291 Sabbathi
681 248 1003 303 profanationes,
1027 250 1056 291 81
1078 251 1294 289 narratum
1317 262 1476 288 moreni
1493 246 1579 288 illic
1596 246 1673 287 loci
1692 246 1733 286 in
1755 245 1843 286 uvis
1869 243 2070 285 vindemi-

137 306 269 356 andis,
293 308 322 350 &
345 309 365 348 e
384 308 504 349 vinea
526 307 765 358 avehendiS,
784 307 826 347 in
843 307 1044 348 torculari
1066 306 1361 361 exprimendis,
1380 307 1445 347 &c.
1465 305 1652 346 concedit
1681 303 1891 357 quandam
1909 304 2070 356 partem

136 365 218 406 diei
235 366 480 421 colligendis
497 368 525 409 ἃ
545 365 767 407 condendis
784 364 865 406 Dei
883 365 1000 407 donis
1017 365 1148 406 tribui
1166 379 1285 418 posse
1300 380 1308 413 ;
1332 365 1453 405 modo
1471 363 1586 417 prius
1609 363 1776 404 auditae
1802 361 1960 402 fuerint
1977 375 2070 401 con-

135 423 288 473 ciones,
321 427 514 478 peractae
537 439 695 478 preces,
727 423 962 477 gratiarum
985 424 1182 473 actiones,
1202 422 1367 476 aliaque
1386 422 1454 475 pia
1472 437 1610 475 opera,
1635 421 1677 461 in
1695 421 1846 474 quibus
1863 418 2070 460 Sabbathi

137 482 413 524 sanctificatio
433 483 722 537 principaliter
739 482 940 523 consistit.
975 482 1068 536 Ego
1085 496 1230 523 censeo
1248 481 1407 522 malum
1425 481 1529 521 illud
1556 480 1599 520 in
1618 479 1804 520 viniferis
1828 477 2071 531 regionibus

136 555 210 594 per
240 543 304 582 tot
336 543 596 583 saeculorum
628 541 848 582 decursum
880 541 1126 591 radicatum,
1154 555 1237 581 non
1270 542 1358 580 tam
1387 539 1509 580 facile
1542 538 1763 591 exstirpari
1782 551 1922 590 posse:
1943 535 2071 577 nolim

136 601 279 640 tamen
311 599 625 655 Theologorum
651 599 991 640 Ecclesiasticam
1006 598 1276 640 tolerantiam
1294 598 1414 652 quasi
1436 598 1529 651 lege
1547 597 1688 650 aliqua
1705 598 1950 650 perpetuam
1970 610 2072 642 esse,

137 658 167 699 &
205 657 264 699 sic
296 659 403 700 verti
435 659 641 713 paulatim
673 658 716 698 in
753 657 1099 711 approbationem
1117 658 1194 708 (uti
1216 657 1325 711 proli
1346 657 1484 697 dolor!
1509 656 1551 696 in
1569 654 1892 709 quamplurimis
1909 652 2072 694 casibus

137 716 239 757 olim
272 716 315 757 in
351 717 525 771 antiqua
546 716 747 766 Ecclesia,
768 718 797 758 &
819 718 963 770 postea
980 717 1114 758 multo
1132 716 1267 771 magis
1290 716 1331 756 in
1352 715 1516 768 Papatu
1540 713 1694 766 evenit)
1710 729 1718 762 3
1737 712 1868 753 autin
1887 712 2072 765 aliquam

140 774 260 829 quasi
278 775 634 829 dispensationem
652 776 700 816 de
715 775 820 829 jure,
841 775 889 816 de
907 775 1000 829 lege
1023 775 1116 816 Dei.
1136 774 1341 816 Israelitis
1359 789 1407 814 ex
1426 773 1589 814 cultura
1609 772 1823 813 vinearum
1839 769 2074 811 benedictio

139 833 281 874 divina
312 849 507 875 concessa
526 836 632 875 erat:
666 848 748 874 non
766 836 908 874 tamen
926 832 1144 874 Sabbatha
1162 833 1205 874 in
1222 836 1390 886 tempus
1408 831 1641 873 vindemiae
1659 829 1885 871 incidentia
1904 828 2074 882 privile-

139 891 221 946 gio,
257 894 330 933 aut
363 892 610 943 exemtione,
642 894 715 933 aut
748 892 1057 945 dispensatione
1092 894 1115 933 a
1151 891 1379 945 Praecepto
1411 890 1491 931 Dei
1525 891 1628 946 (non
1649 889 1772 944 facies
1797 889 1931 930 allam
1949 887 2072 941 opus)

138 950 275 1004 magis
293 951 546 1005 gaudebant,
570 966 698 1004 quam
716 950 887 1004 quaevis
905 950 988 991 alia
1006 950 1048 991 in
1070 953 1258 1004 tempore
1276 950 1438 1000 11166616,
1457 948 1668 996 sementis,
1687 947 1952 989 collectiones
1971 960 2073 1000 quo-

139 1009 296 1050 rumvis
328 1008 541 1051 fructuum
573 1009 810 1051 incidentia.
845 1008 982 1050 Norat
1016 1009 1127 1050 Deus
1159 1009 1258 1063 quid
1290 1006 1420 1056 κοαρὲς
1445 1007 1676 1048 vindemiae
1704 1006 1949 1059 requireret,
1982 1019 2075 1045 cum

142 1067 375 1109 vindemiae
408 1068 653 1122 requireret,
672 1082 763 1109 cum
790 1066 1054 1108 Sabbathum
1072 1068 1325 1109 institueret.
1359 1065 1408 1107 111
1426 1066 1540 1107 1111116
1559 1065 1766 1119 sapientia
1796 1066 1888 1105 tuto
1911 1062 2076 1116 acquie-

141 1125 308 1167 scimus.
343 1126 465 1168 Certe
504 1127 720 1170 Nehemictc
754 1126 821 1167 13.
839 1140 932 1167 cum
949 1126 1098 1168 Jerem.
1122 1127 1187 1167 17.
1207 1128 1332 1181 (quae
1358 1125 1588 1167 Cornarius
1606 1124 1703 1165 ibid.
1722 1124 1873 1165 &recte
1892 1121 2076 1172 adducit)

141 1185 415 1226 torcularium
438 1185 625 1233 calcatio,
649 1186 677 1227 &
694 1199 868 1226 onerum
885 1185 1067 1238 portatio
1085 1186 1246 1226 exserte
1264 1183 1553 1237 prohibentur.
1587 1181 1705 1223 XIII.
1740 1182 1806 1223 An
1821 1181 1945 1222 liceat
1967 1180 2076 1222 diem

142 1243 376 1298 transigere
406 1258 512 1297 puro
542 1258 614 1285 seu
630 1243 813 1284 neutrali
829 1243 927 1291 otio,
946 1244 1056 1297 quod
1073 1243 1124 1284 ab
1144 1242 1352 1284 exercitiis
1368 1241 1540 1295 pietatis
1558 1243 1586 1283 81
1605 1243 1628 1281 a
1645 1241 1852 1282 contraria
1870 1254 1943 1281 6611
1958 1238 2075 1293 posi-

141 1300 228 1342 tiva
259 1302 551 1355 profanatione
568 1317 642 1356 per
659 1316 786 1356 opera
809 1301 977 1342 servilia
993 1303 1022 1344 81
1041 1302 1228 1343 carnales
1246 1300 1523 1342 recreationes
1541 1300 1722 1340 liberum
1739 1302 1814 1340 est.
1836 1299 1955 1351 Resp.
1978 1299 2073 1349 Neq.

146 1359 181 1400 1.
219 1360 328 1413 Quia
359 1375 477 1401 casus
507 1360 696 1415 fingitur,
735 1360 804 1414 qui
839 1374 922 1401 non
955 1363 1030 1411 est,
1062 1375 1229 1401 necesse
1254 1361 1404 1413 potest.
1437 1357 1641 1399 Homines
1659 1357 1767 1398 nihil
1789 1358 1950 1411 agendo
1967 1357 2077 1397 male

143 1432 267 1473 agere
300 1418 476 1460 discunt.
510 1418 740 1473 Praecipue
774 1433 867 1460 cum
892 1418 935 1459 in
967 1433 1144 1472 poenam
1169 1418 1288 1473 [pag.
1325 1417 1458 1471 1267]
1491 1431 1572 1457 non
1591 1415 1840 1457 sanctificati
1857 1414 2076 1464 Sabbathi,

143 1491 217 1530 per
243 1477 403 1531 justam
433 1476 514 1519 Dei
546 1478 806 1518 voluntatem
838 1477 920 1518 sibi
956 1477 1093 1519 relicti
1112 1479 1141 1519 81
1158 1477 1210 1517 ab
1229 1475 1450 1518 ordinariis
1468 1475 1577 1516 curis
1595 1489 1642 1516 ac
1664 1474 1880 1516 laboribus
1898 1473 2018 1516 vacui
2034 1473 2077 1514 in

142 1535 437 1589 praecipitium
468 1536 697 1577 multorum
730 1538 994 1590 peccatorum
1017 1538 1158 1577 ruunt.
1190 1534 1399 1589 Exempla
1416 1548 1557 1575 eorum
1577 1534 1650 1587 qui
1668 1533 1876 1574 exercitiis
1894 1532 2077 1587 pietatis,

142 1596 235 1635 tum
251 1594 446 1648 publicis,
468 1597 559 1636 tum
571 1595 758 1648 privatis,
777 1594 864 1636 sive
886 1597 988 1643 toto,
1011 1595 1097 1636 sive
1115 1597 1270 1649 magna
1287 1596 1359 1635 aut
1377 1592 1525 1647 majori
1541 1595 1660 1646 parte
1683 1592 1765 1633 diei
1781 1592 1896 1633 illius
1914 1606 1956 1632 se
1979 1591 2078 1632 sub-

143 1652 291 1694 ducere
322 1653 470 1703 solent,
503 1655 601 1694 sunt
621 1653 662 1694 in
687 1654 924 1708 propatulo.
956 1652 1099 1695 Nullis
1117 1653 1228 1694 enim
1245 1653 1391 1694 diebus
1414 1655 1503 1692 tam
1519 1651 1760 1704 frequenter
1778 1665 1825 1692 ac
1846 1649 2077 1692 Dominicis

143 1711 286 1765 lapsus
303 1726 448 1753 60111111
464 1712 508 1752 111
527 1711 788 1761 ebrietatem,
808 1712 1030 1753 damnatae
1047 1712 1163 1753 aleae
1180 1712 1357 1760 furores,
1388 1724 1551 1765 pugnas
1575 1724 1622 1750 ac
1643 1708 1943 1759 contentiones,
1963 1723 2078 1749 exse·

143 1770 350 1811 crationes
386 1771 415 1812 &
451 1769 751 1824 blasphemias,
784 1770 886 1824 quin
918 1774 945 1810 81
977 1770 1021 1810 111
1037 1770 1276 1820 homicidia,
1295 1769 1472 1822 denique
1490 1768 1533 1808 in
1549 1767 1829 1821 impuritates,
1849 1781 2075 1820 earumque

144 1829 284 1870 allicia
317 1828 502 1879 choreas,
541 1828 677 1869 audiri
703 1829 853 1870 solent.
885 1830 924 1870 2.
965 1828 1071 1880 Qm'a
1084 1830 1131 1869 ut
1146 1830 1316 1882 peccato
1333 1826 1569 1869 omissionis
1586 1828 1742 1880 peccat,
1761 1826 1833 1880 qui
1849 1825 1957 1866 nihil
1976 1825 2079 1880 agit,

145 1902 240 1929 cum
267 1887 417 1929 debeat
449 1901 596 1941 agere3
631 1887 690 1928 sic
717 1887 844 1928 etiam
861 1890 1005 1941 peccat
1026 1887 1070 1927 in
1087 1889 1285 1940 quartum
1302 1886 1592 1939 Praeceptum,
1611 1884 1684 1938 qui
1706 1884 1815 1925 diem
1832 1884 1943 1925 hunc
1959 1883 2078 1937 posi-

145 1946 231 1987 tive
257 1961 339 1987 non
371 1945 604 1987 sanctificat
636 1961 684 1987 ea
717 1946 892 2000 agendo,
925 1960 1031 1999 quae
1053 1945 1167 1986 Deus
1183 1947 1284 1986 tunc
1300 1944 1371 1998 agi
1387 1944 1490 1985 vult.
1523 1942 1592 1984 816
1609 1957 1691 1983 11011
1708 1943 1892 1984 celebrat
1908 1942 2079 1996 religio-

146 2020 238 2046 sum
255 2004 477 2059 jejunium,
496 2004 569 2058 qui
586 2007 753 2045 tantum
770 2004 954 2045 abstinet
972 2006 995 2045 a
1012 2004 1117 2054 cibo,
1137 2005 1165 2045 81
1182 2003 1338 2044 labore.
1372 2002 1482 2043 Mihi
1503 2016 1668 2054 semper
1685 2001 1734 2042 de
1751 2001 2080 2042 sanctificatione

147 2063 229 2105 diei
244 2062 490 2105 Dominicae
513 2062 631 2104 stetit
648 2078 690 2104 se
698 2063 872 2114 utentia,
891 2077 973 2104 non
992 2062 1217 2104 consistere
1236 2076 1329 2103 eam
1345 2061 1389 2101 in
1406 2059 1660 2102 abstinentia
1682 2061 1706 2100 a
1723 2060 1878 2108 labore,
1897 2074 1972 2100 nec
1989 2073 2081 2100 eam

148 2137 238 2164 esse
269 2137 344 2176 per
369 2136 412 2163 se
444 2136 548 2175 opus
578 2121 749 2167 bonum,
781 2122 854 2163 sed
883 2123 1050 2162 tantum
1072 2123 1244 2174 propter
1261 2120 1387 2169 aliud,
1407 2121 1655 2171 &tanquam
1674 2133 1890 2160 removens
1906 2117 2080 2171 impedi-

148 2182 351 2231 mentum,
384 2179 499 2220 illius
531 2179 620 2220 scil.
648 2179 786 2234 operis
802 2180 914 2230 boni,
933 2180 1043 2234 quod
1058 2179 1131 2220 isti
1147 2178 1230 2220 diei
1252 2177 1517 2232 peculiariter
1533 2176 1851 2230 appropriatum
1869 2179 1946 2218 est.
1963 2174 2080 2216 XIV.

149 2239 218 2280 An
242 2240 306 2280 vel
337 2238 512 2280 minima
544 2238 744 2293 cogitatio
762 2239 811 2279 de
827 2239 953 2280 rebus
975 2239 1004 2281 81
1021 2237 1202 2293 negotiis
1219 2237 1344 2291 hujus
1361 2235 1517 2277 saeculi
1534 2235 1588 2276 sit
1604 2235 1766 2286 illicita,
1785 2250 1832 2276 ac
1848 2234 2083 2289 prophanet

150 2296 446 2339 Sabbathum?
480 2297 598 2350 Resp.
633 2297 729 2351 Neq.
753 2312 848 2338 curn
871 2299 907 2339 T
902 2297 1086 2352 eellinqio
1103 2296 1149 2338 in
1168 2297 1373 2339 Necessoer.
1395 2295 1676 2336 Demonstrat.
1697 2295 1924 2348 Proloqom..
1943 2294 2080 2336 &cum

150 2355 317 2399 Amesio
344 2356 390 2397 in
422 2355 625 2397 Medulla.-
663 2355 735 2396 ubi
759 2355 923 2396 videtur
938 2355 1125 2405 innuere,
1144 2369 1233 2396 esse
1254 2354 1327 2408 qui
1343 2352 1598 2395 contrarium
1615 2351 1809 2393 sentiant.
1843 2351 1924 2401 Qui
1941 2354 2082 2392 autem

150 2414 215 2455 illi
231 2414 314 2456 sint
332 2413 503 2461 literati,
521 2427 575 2453 an
591 2413 758 2461 idiotae,
792 2415 822 2456 &
843 2429 898 2454 an
914 2413 1079 2467 scriptis
1096 2413 1200 2454 haec
1216 2412 1358 2466 opinio
1372 2415 1395 2453 a
1412 2425 1622 2466 quoquam
1644 2411 1699 2451 sit
1710 2411 1888 2464 prodita,
1911 2409 2084 2464 quibus-

151 2487 231 2527 que
262 2472 495 2514 rationibus
520 2471 723 2522 firmetur,
749 2472 951 2514 hactenus
982 2472 1089 2512 mihi
1117 2485 1201 2513 non
1233 2473 1409 2520 constat,
1441 2484 1516 2510 nec
1547 2468 1727 2510 Antores
1745 2469 1864 2510 citati
1884 2468 2083 2509 indicant.

153 2531 397 2585 Quicunque
430 2530 513 2571 sint
535 2532 607 2570 aut
623 2529 794 2582 fuerint,
827 2531 863 2572 si
879 2530 959 2572 hoc
976 2530 1119 2580 velint,
1141 2544 1224 2570 non
1246 2530 1395 2571 debere
1413 2542 1538 2582 quem
1555 2530 1628 2568 aut
1649 2528 1834 2569 studiose
1856 2529 1929 2569 aut
1951 2526 2082 2568 otiose

152 2589 257 2632 citra
284 2588 520 2631 ordinariae
552 2591 626 2629 aut
643 2589 997 2630 extraordinariae
1015 2588 1203 2630 caritatis
1225 2587 1531 2636 necessitatem,
1554 2585 1693 2627 animo
1710 2587 1739 2628 81
1756 2585 2084 2640 cogitationibus

152 2649 197 2690 in
228 2648 453 2698 mundana,
487 2647 684 2698 carnalia,
702 2647 861 2689 ludicra
878 2647 1062 2702 evagari,
1080 2646 1213 2687 multo
1230 2646 1367 2687 minus
1385 2645 1428 2686 in
1445 2644 1495 2685 iis
1512 2644 1727 2693 habitare;
1756 2648 1802 2685 ut
1818 2644 1878 2685 ita
1893 2643 2086 2698 negligat

153 2707 370 2762 proprium
401 2720 504 2760 opus
522 2704 845 2755 Sabbathicum3
878 2705 1023 2759 utique
1044 2719 1166 2746 nemo
1189 2705 1282 2758 pius
1304 2702 1601 2758 refragabitur.
1635 2701 1716 2743 Sed
1732 2702 1767 2744 si
1784 2703 1926 2744 stricte
1943 2701 2086 2752 velint,

153 2765 263 2807 nihil
288 2765 480 2807 absolute
512 2764 795 2819 cogitandum,
827 2764 905 2805 nisi
930 2764 1041 2818 quod
1058 2763 1213 2804 directe
1230 2764 1260 2805 &
1275 2762 1510 2803 formaliter
1527 2760 1583 2801 sit
1599 2761 1839 2815 spirituale:
1866 2775 1951 2802 non
1967 2760 2086 2801 video

156 2824 362 2879 quomodo
383 2823 477 2878 quis
493 2823 665 2873 calceos,
689 2823 855 2875 collare,
871 2822 1048 2877 pallium
1069 2821 1236 2876 aliaque
1252 2821 1437 2872 induere,
1476 2834 1526 2861 ex
1547 2819 1664 2861 lance
1680 2819 1889 2862 buccellas
1908 2832 2085 2867 sumere,

1943 2889 2086 2932 ignem
