<?xml version="1.0" encoding="UTF-8"?>
<!DOCTYPE html PUBLIC "-//W3C//DTD XHTML 1.0 Transitional//EN"
    "http://www.w3.org/TR/xhtml1/DTD/xhtml1-transitional.dtd">
<html xmlns="http://www.w3.org/1999/xhtml" xml:lang="en" lang="en">
 <head>
  <title>
</title>
<meta http-equiv="Content-Type" content="text/html;charset=utf-8" />
  <meta name='ocr-system' content='tesseract 3.04.00' />
  <meta name='ocr-capabilities' content='ocr_page ocr_carea ocr_par ocr_line ocrx_word'/>
</head>
<body>
  <div class='ocr_page' id='page_1' title='image "./gysbertivoetiise00voet_0192.png"; bbox 0 0 2399 3084; ppageno 0'>
   <div class='ocr_carea' id='block_1_1' title="bbox 320 120 2125 175">
    <p class='ocr_par' dir='ltr' id='par_1_1' title="bbox 320 120 2125 175">
     <span class='ocr_line' id='line_1_1' title="bbox 320 120 2125 175; baseline 0.001 -12"><span class='ocrx_word' id='word_1_1' title='bbox 320 123 402 163; x_wconf 79' lang='lat'><em>164</em></span> <span class='ocrx_word' id='word_1_2' title='bbox 478 123 634 164; x_wconf 84' lang='lat' dir='ltr'><em>DISP.</em></span> <span class='ocrx_word' id='word_1_3' title='bbox 668 120 759 163; x_wconf 92' lang='lat' dir='ltr'><em>VI.</em></span> <span class='ocrx_word' id='word_1_4' title='bbox 793 120 872 164; x_wconf 75' lang='lat' dir='ltr'><em>DE</em></span> <span class='ocrx_word' id='word_1_5' title='bbox 902 122 1369 164; x_wconf 65' lang='lat' dir='ltr'><em>PROPAGAmoNn</em></span> <span class='ocrx_word' id='word_1_6' title='bbox 1403 120 1665 162; x_wconf 65' lang='lat' dir='ltr'><em>PnccAm</em></span> <span class='ocrx_word' id='word_1_7' title='bbox 1698 121 2087 165; x_wconf 79' lang='lat' dir='ltr'>ORIGINALIS.</span> <span class='ocrx_word' id='word_1_8' title='bbox 2116 167 2125 175; x_wconf 31' lang='grc' dir='ltr'>ι</span> 
     </span>
    </p>
   </div>
   <div class='ocr_carea' id='block_1_2' title="bbox 305 243 2270 2834">
    <p class='ocr_par' dir='ltr' id='par_1_2' title="bbox 305 243 2270 2834">
     <span class='ocr_line' id='line_1_2' title="bbox 308 243 2270 301; baseline 0.001 -14"><span class='ocrx_word' id='word_1_9' title='bbox 308 247 401 301; x_wconf 86' lang='lat' dir='ltr'><em>jam</em></span> <span class='ocrx_word' id='word_1_10' title='bbox 435 246 460 286; x_wconf 85' lang='grc' dir='ltr'><em>ἀ</em></span> <span class='ocrx_word' id='word_1_11' title='bbox 491 244 607 286; x_wconf 89' lang='lat' dir='ltr'><em>nobis</em></span> <span class='ocrx_word' id='word_1_12' title='bbox 639 244 891 298; x_wconf 71' lang='lat' dir='ltr'><em>explicatum</em></span> <span class='ocrx_word' id='word_1_13' title='bbox 922 250 1002 285; x_wconf 86' lang='lat' dir='ltr'><em>est:</em></span> <span class='ocrx_word' id='word_1_14' title='bbox 1036 243 1184 286; x_wconf 85' lang='lat' dir='ltr'><em>Modus</em></span> <span class='ocrx_word' id='word_1_15' title='bbox 1216 243 1329 285; x_wconf 87' lang='lat' dir='ltr'><em>enim</em></span> <span class='ocrx_word' id='word_1_16' title='bbox 1360 243 1480 285; x_wconf 86' lang='lat' dir='ltr'><em>istius</em></span> <span class='ocrx_word' id='word_1_17' title='bbox 1509 243 1827 299; x_wconf 80' lang='lat' dir='ltr'><em>propaqationis</em></span> <span class='ocrx_word' id='word_1_18' title='bbox 1863 251 1920 286; x_wconf 90' lang='lat' dir='ltr'><em>est</em></span> <span class='ocrx_word' id='word_1_19' title='bbox 1938 243 1988 286; x_wconf 90' lang='lat' dir='ltr'><em>ab</em></span> <span class='ocrx_word' id='word_1_20' title='bbox 2005 244 2121 287; x_wconf 84' lang='lat' dir='ltr'><em>illius</em></span> <span class='ocrx_word' id='word_1_21' title='bbox 2142 259 2270 288; x_wconf 83' lang='lat' dir='ltr'><em>causa</em></span> 
     </span>
     <span class='ocr_line' id='line_1_3' title="bbox 314 303 2270 360; baseline 0.001 -14"><span class='ocrx_word' id='word_1_22' title='bbox 314 318 489 360; x_wconf 86' lang='lat' dir='ltr'><em>prorsus</em></span> <span class='ocrx_word' id='word_1_23' title='bbox 507 303 782 358; x_wconf 77' lang='lat' dir='ltr'><em>separandus.</em></span> <span class='ocrx_word' id='word_1_24' title='bbox 822 303 893 344; x_wconf 90' lang='lat' dir='ltr'><em>Est</em></span> <span class='ocrx_word' id='word_1_25' title='bbox 910 303 1021 344; x_wconf 86' lang='lat' dir='ltr'><em>enim</em></span> <span class='ocrx_word' id='word_1_26' title='bbox 1037 303 1121 345; x_wconf 90' lang='lat' dir='ltr'><em>alia</em></span> <span class='ocrx_word' id='word_1_27' title='bbox 1138 303 1334 358; x_wconf 76' lang='lat' dir='ltr'><em>quaestio,</em></span> <span class='ocrx_word' id='word_1_28' title='bbox 1353 316 1458 358; x_wconf 90' lang='lat' dir='ltr'><em>quae</em></span> <span class='ocrx_word' id='word_1_29' title='bbox 1475 303 1526 344; x_wconf 90' lang='lat' dir='ltr'><em>sit</em></span> <span class='ocrx_word' id='word_1_30' title='bbox 1541 317 1668 345; x_wconf 87' lang='lat' dir='ltr'><em>causa</em></span> <span class='ocrx_word' id='word_1_31' title='bbox 1687 303 1808 345; x_wconf 78' lang='lat' dir='ltr'><em>istius</em></span> <span class='ocrx_word' id='word_1_32' title='bbox 1824 304 2140 358; x_wconf 78' lang='lat' dir='ltr'><em>propaqationis</em></span> <span class='ocrx_word' id='word_1_33' title='bbox 2183 305 2270 347; x_wconf 84' lang='lat' dir='ltr'><em>alia</em></span> 
     </span>
     <span class='ocr_line' id='line_1_4' title="bbox 314 361 2269 419; baseline 0.001 -14"><span class='ocrx_word' id='word_1_34' title='bbox 314 364 407 419; x_wconf 88' lang='lat' dir='ltr'><em>quis</em></span> <span class='ocrx_word' id='word_1_35' title='bbox 429 363 479 404; x_wconf 88' lang='lat' dir='ltr'><em>sit</em></span> <span class='ocrx_word' id='word_1_36' title='bbox 501 363 587 417; x_wconf 85' lang='lat' dir='ltr'><em>ejus</em></span> <span class='ocrx_word' id='word_1_37' title='bbox 608 362 768 404; x_wconf 82' lang='lat' dir='ltr'><em>modus.</em></span> <span class='ocrx_word' id='word_1_38' title='bbox 791 362 927 404; x_wconf 87' lang='lat' dir='ltr'><em>Causa</em></span> <span class='ocrx_word' id='word_1_39' title='bbox 945 361 1070 416; x_wconf 85' lang='lat' dir='ltr'><em>febris</em></span> <span class='ocrx_word' id='word_1_40' title='bbox 1088 369 1143 403; x_wconf 87' lang='lat' dir='ltr'><em>est</em></span> <span class='ocrx_word' id='word_1_41' title='bbox 1160 361 1424 403; x_wconf 85' lang='lat' dir='ltr'><em>abundantia</em></span> <span class='ocrx_word' id='word_1_42' title='bbox 1442 361 1534 404; x_wconf 87' lang='lat' dir='ltr'><em>bilis</em></span> <span class='ocrx_word' id='word_1_43' title='bbox 1555 362 1700 417; x_wconf 82' lang='lat' dir='ltr'><em>flavae,</em></span> <span class='ocrx_word' id='word_1_44' title='bbox 1722 362 1871 403; x_wconf 87' lang='lat' dir='ltr'><em>Modus</em></span> <span class='ocrx_word' id='word_1_45' title='bbox 1887 363 2170 405; x_wconf 72' lang='lat' dir='ltr'><em>conciliandae</em></span> <span class='ocrx_word' id='word_1_46' title='bbox 2185 365 2269 419; x_wconf 82' lang='lat' dir='ltr'><em>fuit</em></span> 
     </span>
     <span class='ocr_line' id='line_1_5' title="bbox 317 420 2270 477; baseline 0.001 -14"><span class='ocrx_word' id='word_1_47' title='bbox 317 423 375 464; x_wconf 74' lang='lat' dir='ltr'><em>cel</em></span> <span class='ocrx_word' id='word_1_48' title='bbox 411 429 534 476; x_wconf 89' lang='lat' dir='ltr'><em>potus</em></span> <span class='ocrx_word' id='word_1_49' title='bbox 565 421 738 471; x_wconf 80' lang='lat' dir='ltr'><em>nimius,</em></span> <span class='ocrx_word' id='word_1_50' title='bbox 772 421 934 475; x_wconf 51' lang='lat' dir='ltr'><em>¹ciqiliae</em></span> <span class='ocrx_word' id='word_1_51' title='bbox 968 420 1137 462; x_wconf 87' lang='lat' dir='ltr'><em>nimiae.</em></span> <span class='ocrx_word' id='word_1_52' title='bbox 1170 420 1233 461; x_wconf 85' lang='lat' dir='ltr'><em>De</em></span> <span class='ocrx_word' id='word_1_53' title='bbox 1258 433 1397 472; x_wconf 82' lang='lat' dir='ltr'><em>causa,</em></span> <span class='ocrx_word' id='word_1_54' title='bbox 1416 434 1505 461; x_wconf 87' lang='lat' dir='ltr'><em>eam</em></span> <span class='ocrx_word' id='word_1_55' title='bbox 1525 434 1608 462; x_wconf 83' lang='lat' dir='ltr'><em>esse</em></span> <span class='ocrx_word' id='word_1_56' title='bbox 1620 421 1784 475; x_wconf 82' lang='lat' dir='ltr'><em>justam</em></span> <span class='ocrx_word' id='word_1_57' title='bbox 1802 421 1882 463; x_wconf 89' lang='lat' dir='ltr'><em>Dei</em></span> <span class='ocrx_word' id='word_1_58' title='bbox 1897 421 1946 463; x_wconf 82' lang='lat' dir='ltr'><em>cle</em></span> <span class='ocrx_word' id='word_1_59' title='bbox 1965 429 2122 476; x_wconf 87' lang='lat' dir='ltr'><em>peccato</em></span> <span class='ocrx_word' id='word_1_60' title='bbox 2135 423 2270 477; x_wconf 81' lang='lat' dir='ltr'><em>primi</em></span> 
     </span>
     <span class='ocr_line' id='line_1_6' title="bbox 315 479 2267 536; baseline 0.002 -15"><span class='ocrx_word' id='word_1_61' title='bbox 315 481 407 522; x_wconf 82' lang='lat' dir='ltr'><em>horn</em></span> <span class='ocrx_word' id='word_1_62' title='bbox 416 481 496 521; x_wconf 87' lang='lat' dir='ltr'><em>inis</em></span> <span class='ocrx_word' id='word_1_63' title='bbox 528 480 828 522; x_wconf 74' lang='lat' dir='ltr'><em>ordinationem</em></span> <span class='ocrx_word' id='word_1_64' title='bbox 863 493 910 520; x_wconf 89' lang='lat' dir='ltr'><em>ac</em></span> <span class='ocrx_word' id='word_1_65' title='bbox 942 481 1080 534; x_wconf 84' lang='lat' dir='ltr'><em>leqem.</em></span> <span class='ocrx_word' id='word_1_66' title='bbox 1119 479 1266 521; x_wconf 83' lang='lat' dir='ltr'><em>Modus</em></span> <span class='ocrx_word' id='word_1_67' title='bbox 1284 479 1412 534; x_wconf 76' lang='lat' dir='ltr'><em>iqitur</em></span> <span class='ocrx_word' id='word_1_68' title='bbox 1428 486 1554 520; x_wconf 89' lang='lat' dir='ltr'><em>restat</em></span> <span class='ocrx_word' id='word_1_69' title='bbox 1575 479 1857 534; x_wconf 71' lang='lat' dir='ltr'><em>exponendus,</em></span> <span class='ocrx_word' id='word_1_70' title='bbox 1875 481 1949 521; x_wconf 89' lang='lat' dir='ltr'><em>etsi</em></span> <span class='ocrx_word' id='word_1_71' title='bbox 1956 481 2050 534; x_wconf 84' lang='lat' dir='ltr'><em>jam</em></span> <span class='ocrx_word' id='word_1_72' title='bbox 2067 495 2117 522; x_wconf 73' lang='lat' dir='ltr'><em>ese</em></span> <span class='ocrx_word' id='word_1_73' title='bbox 2137 489 2267 536; x_wconf 87' lang='lat' dir='ltr'><em>parte,</em></span> 
     </span>
     <span class='ocr_line' id='line_1_7' title="bbox 313 538 2270 596; baseline 0 -14"><span class='ocrx_word' id='word_1_74' title='bbox 313 540 450 596; x_wconf 87' lang='lat' dir='ltr'><em>ecquis</em></span> <span class='ocrx_word' id='word_1_75' title='bbox 482 539 547 590; x_wconf 86' lang='lat' dir='ltr'><em>sit,</em></span> <span class='ocrx_word' id='word_1_76' title='bbox 582 539 794 593; x_wconf 74' lang='lat' dir='ltr'><em>superiore</em></span> <span class='ocrx_word' id='word_1_77' title='bbox 826 539 954 592; x_wconf 88' lang='lat' dir='ltr'><em>capite</em></span> <span class='ocrx_word' id='word_1_78' title='bbox 971 538 1171 580; x_wconf 70' lang='lat' dir='ltr'><em>diximus.</em></span> <span class='ocrx_word' id='word_1_79' title='bbox 1208 539 1277 579; x_wconf 88' lang='lat' dir='ltr'><em>Est</em></span> <span class='ocrx_word' id='word_1_80' title='bbox 1299 545 1435 579; x_wconf 87' lang='lat' dir='ltr'><em>autem</em></span> <span class='ocrx_word' id='word_1_81' title='bbox 1451 539 1698 593; x_wconf 78' lang='lat' dir='ltr'><em>propaqatio</em></span> <span class='ocrx_word' id='word_1_82' title='bbox 1718 538 1901 580; x_wconf 78' lang='lat' dir='ltr'><em>hominis</em></span> <span class='ocrx_word' id='word_1_83' title='bbox 1917 553 1967 581; x_wconf 73' lang='lat' dir='ltr'><em>ece</em></span> <span class='ocrx_word' id='word_1_84' title='bbox 1983 539 2149 581; x_wconf 80' lang='lat' dir='ltr'><em>homine</em></span> <span class='ocrx_word' id='word_1_85' title='bbox 2164 554 2270 596; x_wconf 87' lang='lat' dir='ltr'><em>quae</em></span> 
     </span>
     <span class='ocr_line' id='line_1_8' title="bbox 312 597 2269 655; baseline 0 -15"><span class='ocrx_word' id='word_1_86' title='bbox 312 601 358 655; x_wconf 82' lang='lat' dir='ltr'><em>sit</em></span> <span class='ocrx_word' id='word_1_87' title='bbox 375 613 425 641; x_wconf 68' lang='lat' dir='ltr'><em>cm</em></span> <span class='ocrx_word' id='word_1_88' title='bbox 442 612 489 639; x_wconf 87' lang='lat' dir='ltr'><em>ea</em></span> <span class='ocrx_word' id='word_1_89' title='bbox 506 599 586 652; x_wconf 76' lang='lat' dir='ltr'><em>lcqe</em></span> <span class='ocrx_word' id='word_1_90' title='bbox 604 605 793 646; x_wconf 85' lang='lat' dir='ltr'><em>naturae,</em></span> <span class='ocrx_word' id='word_1_91' title='bbox 814 611 897 652; x_wconf 89' lang='lat' dir='ltr'><em>qua</em></span> <span class='ocrx_word' id='word_1_92' title='bbox 910 598 1239 653; x_wconf 81' lang='lat' dir='ltr'><em>unumquodque</em></span> <span class='ocrx_word' id='word_1_93' title='bbox 1247 604 1413 651; x_wconf 84' lang='lat' dir='ltr'><em>pocrcat</em></span> <span class='ocrx_word' id='word_1_94' title='bbox 1430 597 1509 638; x_wconf 90' lang='lat' dir='ltr'><em>sibi</em></span> <span class='ocrx_word' id='word_1_95' title='bbox 1520 597 1664 639; x_wconf 86' lang='lat' dir='ltr'><em>simile.</em></span> <span class='ocrx_word' id='word_1_96' title='bbox 1683 597 1744 639; x_wconf 88' lang='lat' dir='ltr'><em>Sit</em></span> <span class='ocrx_word' id='word_1_97' title='bbox 1761 611 1810 639; x_wconf 77' lang='lat' dir='ltr'><em>ex</em></span> <span class='ocrx_word' id='word_1_98' title='bbox 1821 611 1923 652; x_wconf 86' lang='lat' dir='ltr'><em>equo</em></span> <span class='ocrx_word' id='word_1_99' title='bbox 1941 611 2096 653; x_wconf 85' lang='lat' dir='ltr'><em>equus:</em></span> <span class='ocrx_word' id='word_1_100' title='bbox 2114 613 2163 640; x_wconf 73' lang='lat' dir='ltr'><em>ecc</em></span> <span class='ocrx_word' id='word_1_101' title='bbox 2175 599 2269 641; x_wconf 83' lang='lat' dir='ltr'><em>bove</em></span> 
     </span>
     <span class='ocr_line' id='line_1_9' title="bbox 314 656 2267 713; baseline 0 -14"><span class='ocrx_word' id='word_1_102' title='bbox 314 659 381 700; x_wconf 88' lang='lat' dir='ltr'><em>bos</em></span> <span class='ocrx_word' id='word_1_103' title='bbox 395 657 730 713; x_wconf 78' lang='lat' dir='ltr'><em>proseminatur:</em></span> <span class='ocrx_word' id='word_1_104' title='bbox 752 670 800 697; x_wconf 70' lang='lat' dir='ltr'><em>ex</em></span> <span class='ocrx_word' id='word_1_105' title='bbox 817 664 1000 710; x_wconf 73' lang='lat' dir='ltr'><em>serpente</em></span> <span class='ocrx_word' id='word_1_106' title='bbox 1017 670 1206 711; x_wconf 88' lang='lat' dir='ltr'><em>serpens:</em></span> <span class='ocrx_word' id='word_1_107' title='bbox 1225 670 1274 697; x_wconf 76' lang='lat' dir='ltr'><em>coe</em></span> <span class='ocrx_word' id='word_1_108' title='bbox 1290 656 1430 709; x_wconf 82' lang='lat' dir='ltr'><em>vipera</em></span> <span class='ocrx_word' id='word_1_109' title='bbox 1448 656 1587 710; x_wconf 78' lang='lat' dir='ltr'><em>vipera</em></span> <span class='ocrx_word' id='word_1_110' title='bbox 1604 657 1805 707; x_wconf 87' lang='lat' dir='ltr'><em>nascitur,</em></span> <span class='ocrx_word' id='word_1_111' title='bbox 1824 656 1946 712; x_wconf 87' lang='lat' dir='ltr'><em>idque</em></span> <span class='ocrx_word' id='word_1_112' title='bbox 1962 658 2153 699; x_wconf 86' lang='lat' dir='ltr'><em>naturali</em></span> <span class='ocrx_word' id='word_1_113' title='bbox 2173 659 2267 713; x_wconf 76' lang='lat' dir='ltr'><em>leqe,</em></span> 
     </span>
     <span class='ocr_line' id='line_1_10' title="bbox 312 713 2270 771; baseline -0.001 -12"><span class='ocrx_word' id='word_1_114' title='bbox 312 731 361 759; x_wconf 71' lang='lat' dir='ltr'><em>ew</em></span> <span class='ocrx_word' id='word_1_115' title='bbox 373 716 500 758; x_wconf 89' lang='lat' dir='ltr'><em>nobili</em></span> <span class='ocrx_word' id='word_1_116' title='bbox 511 715 678 766; x_wconf 85' lang='lat' dir='ltr'><em>nobilia,</em></span> <span class='ocrx_word' id='word_1_117' title='bbox 689 729 737 756; x_wconf 69' lang='lat' dir='ltr'><em>ex</em></span> <span class='ocrx_word' id='word_1_118' title='bbox 749 715 1133 770; x_wconf 79' lang='lat' dir='ltr'><em>iqnobiliiqnobilia,</em></span> <span class='ocrx_word' id='word_1_119' title='bbox 1147 715 1257 770; x_wconf 78' lang='lat' dir='ltr'><em>Erqo</em></span> <span class='ocrx_word' id='word_1_120' title='bbox 1268 728 1316 756; x_wconf 78' lang='lat' dir='ltr'><em>eoe</em></span> <span class='ocrx_word' id='word_1_121' title='bbox 1327 715 1494 758; x_wconf 77' lang='lat' dir='ltr'><em>homine</em></span> <span class='ocrx_word' id='word_1_122' title='bbox 1510 713 1550 756; x_wconf 60' lang='grc' dir='ltr'><em>ἃ</em></span> <span class='ocrx_word' id='word_1_123' title='bbox 1561 729 1604 756; x_wconf 92' lang='grc'><em>60</em></span> <span class='ocrx_word' id='word_1_124' title='bbox 1617 715 1782 771; x_wconf 85' lang='lat' dir='ltr'><em>quidem</em></span> <span class='ocrx_word' id='word_1_125' title='bbox 1794 723 1988 770; x_wconf 88' lang='lat' dir='ltr'><em>corrupto</em></span> <span class='ocrx_word' id='word_1_126' title='bbox 2000 716 2121 757; x_wconf 80' lang='lat' dir='ltr'><em>homo</em></span> <span class='ocrx_word' id='word_1_127' title='bbox 2138 715 2270 771; x_wconf 59' lang='lat' dir='ltr'><em>&amp;ipse</em></span> 
     </span>
     <span class='ocr_line' id='line_1_11' title="bbox 312 774 2270 830; baseline 0 -13"><span class='ocrx_word' id='word_1_128' title='bbox 312 783 534 830; x_wconf 84' lang='lat' dir='ltr'><em>corruptus</em></span> <span class='ocrx_word' id='word_1_129' title='bbox 551 788 711 830; x_wconf 87' lang='lat' dir='ltr'><em>quoque</em></span> <span class='ocrx_word' id='word_1_130' title='bbox 720 782 957 828; x_wconf 67' lang='lat' dir='ltr'><em>procreetur</em></span> <span class='ocrx_word' id='word_1_131' title='bbox 975 788 1129 815; x_wconf 82' lang='lat' dir='ltr'><em>necesse</em></span> <span class='ocrx_word' id='word_1_132' title='bbox 1146 781 1216 824; x_wconf 89' lang='lat' dir='ltr'><em>est,</em></span> <span class='ocrx_word' id='word_1_133' title='bbox 1235 774 1297 816; x_wconf 88' lang='lat' dir='ltr'><em>uti</em></span> <span class='ocrx_word' id='word_1_134' title='bbox 1313 788 1361 815; x_wconf 74' lang='grc'><em>676</em></span> <span class='ocrx_word' id='word_1_135' title='bbox 1378 781 1573 816; x_wconf 77' lang='lat' dir='ltr'><em>venenato</em></span> <span class='ocrx_word' id='word_1_136' title='bbox 1590 781 1771 828; x_wconf 78' lang='lat' dir='ltr'><em>serpente</em></span> <span class='ocrx_word' id='word_1_137' title='bbox 1787 788 1955 829; x_wconf 85' lang='lat' dir='ltr'><em>serpens</em></span> <span class='ocrx_word' id='word_1_138' title='bbox 1970 783 2207 827; x_wconf 86' lang='lat' dir='ltr'><em>venenatus,</em></span> <span class='ocrx_word' id='word_1_139' title='bbox 2221 789 2270 817; x_wconf 75' lang='lat' dir='ltr'><em>ece</em></span> 
     </span>
     <span class='ocr_line' id='line_1_12' title="bbox 316 833 2268 890; baseline 0 -14"><span class='ocrx_word' id='word_1_140' title='bbox 316 834 620 890; x_wconf 78' lang='lat' dir='ltr'><em>Elephantiaeo,</em></span> <span class='ocrx_word' id='word_1_141' title='bbox 659 847 731 875; x_wconf 89' lang='lat' dir='ltr'><em>seu</em></span> <span class='ocrx_word' id='word_1_142' title='bbox 771 833 925 874; x_wconf 84' lang='lat' dir='ltr'><em>lebroso</em></span> <span class='ocrx_word' id='word_1_143' title='bbox 945 841 1065 888; x_wconf 92' lang='lat' dir='ltr'><em>patre</em></span> <span class='ocrx_word' id='word_1_144' title='bbox 1080 833 1195 889; x_wconf 85' lang='lat' dir='ltr'><em>silius</em></span> <span class='ocrx_word' id='word_1_145' title='bbox 1213 833 1407 874; x_wconf 86' lang='lat' dir='ltr'><em>lebrosus.</em></span> <span class='ocrx_word' id='word_1_146' title='bbox 1445 834 1559 886; x_wconf 82' lang='lat' dir='ltr'><em>Quae</em></span> <span class='ocrx_word' id='word_1_147' title='bbox 1575 834 1683 875; x_wconf 87' lang='lat' dir='ltr'><em>ratio</em></span> <span class='ocrx_word' id='word_1_148' title='bbox 1700 834 2012 888; x_wconf 71' lang='lat' dir='ltr'><em>propayationis</em></span> <span class='ocrx_word' id='word_1_149' title='bbox 2030 834 2137 877; x_wconf 82' lang='lat' dir='ltr'><em>nihil</em></span> <span class='ocrx_word' id='word_1_150' title='bbox 2154 834 2268 876; x_wconf 84' lang='lat' dir='ltr'><em>habet</em></span> 
     </span>
     <span class='ocr_line' id='line_1_13' title="bbox 313 892 2270 948; baseline -0.001 -12"><span class='ocrx_word' id='word_1_151' title='bbox 313 894 550 942; x_wconf 87' lang='lat' dir='ltr'><em>obscurum,</em></span> <span class='ocrx_word' id='word_1_152' title='bbox 585 900 658 934; x_wconf 91' lang='lat' dir='ltr'><em>aut</em></span> <span class='ocrx_word' id='word_1_153' title='bbox 691 892 871 948; x_wconf 82' lang='lat' dir='ltr'><em>difficile.</em></span> <span class='ocrx_word' id='word_1_154' title='bbox 909 892 1186 945; x_wconf 78' lang='lat' dir='ltr'><em>Quamobrem</em></span> <span class='ocrx_word' id='word_1_155' title='bbox 1204 893 1286 947; x_wconf 78' lang='lat' dir='ltr'><em>leqe</em></span> <span class='ocrx_word' id='word_1_156' title='bbox 1302 892 1501 933; x_wconf 85' lang='lat' dir='ltr'><em>nascendi</em></span> <span class='ocrx_word' id='word_1_157' title='bbox 1517 906 1566 934; x_wconf 70' lang='grc'><em>676</em></span> <span class='ocrx_word' id='word_1_158' title='bbox 1579 892 1826 947; x_wconf 81' lang='lat' dir='ltr'><em>parentibus</em></span> <span class='ocrx_word' id='word_1_159' title='bbox 1838 892 2132 946; x_wconf 87' lang='lat' dir='ltr'><em>peccatoribus,</em></span> <span class='ocrx_word' id='word_1_160' title='bbox 2154 893 2270 935; x_wconf 88' lang='lat' dir='ltr'><em>liberi</em></span> 
     </span>
     <span class='ocr_line' id='line_1_14' title="bbox 310 951 2268 1008; baseline 0.001 -15"><span class='ocrx_word' id='word_1_161' title='bbox 310 961 535 1008; x_wconf 77' lang='lat' dir='ltr'><em>peccatores</em></span> <span class='ocrx_word' id='word_1_162' title='bbox 552 953 673 1008; x_wconf 84' lang='lat' dir='ltr'><em>siunt.</em></span> <span class='ocrx_word' id='word_1_163' title='bbox 707 952 842 1006; x_wconf 84' lang='lat' dir='ltr'><em>Atque</em></span> <span class='ocrx_word' id='word_1_164' title='bbox 859 951 923 992; x_wconf 78' lang='lat' dir='ltr'><em>liic</em></span> <span class='ocrx_word' id='word_1_165' title='bbox 939 959 995 992; x_wconf 87' lang='lat' dir='ltr'><em>est</em></span> <span class='ocrx_word' id='word_1_166' title='bbox 1014 951 1164 993; x_wconf 82' lang='lat' dir='ltr'><em>modus</em></span> <span class='ocrx_word' id='word_1_167' title='bbox 1184 951 1452 1006; x_wconf 81' lang='lat' dir='ltr'><em>propaqandi</em></span> <span class='ocrx_word' id='word_1_168' title='bbox 1471 951 1700 1006; x_wconf 86' lang='lat' dir='ltr'><em>Oriqinalis</em></span> <span class='ocrx_word' id='word_1_169' title='bbox 1713 952 1877 1006; x_wconf 89' lang='lat' dir='ltr'><em>peccati,</em></span> <span class='ocrx_word' id='word_1_170' title='bbox 1896 952 1966 993; x_wconf 78' lang='lat' dir='ltr'><em>secl</em></span> <span class='ocrx_word' id='word_1_171' title='bbox 1982 952 2046 993; x_wconf 82' lang='lat' dir='ltr'><em>uti</em></span> <span class='ocrx_word' id='word_1_172' title='bbox 2061 952 2163 1004; x_wconf 73' lang='lat' dir='ltr'><em>elixi,</em></span> <span class='ocrx_word' id='word_1_173' title='bbox 2181 966 2268 994; x_wconf 83' lang='lat' dir='ltr'><em>non</em></span> 
     </span>
     <span class='ocr_line' id='line_1_15' title="bbox 312 1010 2269 1068; baseline -0.001 -14"><span class='ocrx_word' id='word_1_174' title='bbox 312 1027 450 1063; x_wconf 86' lang='lat' dir='ltr'><em>causa,</em></span> <span class='ocrx_word' id='word_1_175' title='bbox 469 1011 671 1068; x_wconf 85' lang='lat' dir='ltr'><em>quoniam</em></span> <span class='ocrx_word' id='word_1_176' title='bbox 688 1010 809 1051; x_wconf 78' lang='lat' dir='ltr'><em>homo</em></span> <span class='ocrx_word' id='word_1_177' title='bbox 827 1010 889 1059; x_wconf 89' lang='lat' dir='ltr'><em>sit,</em></span> <span class='ocrx_word' id='word_1_178' title='bbox 908 1023 1063 1051; x_wconf 89' lang='lat' dir='ltr'><em>necesse</em></span> <span class='ocrx_word' id='word_1_179' title='bbox 1078 1018 1147 1060; x_wconf 88' lang='lat' dir='ltr'><em>est,</em></span> <span class='ocrx_word' id='word_1_180' title='bbox 1167 1010 1239 1065; x_wconf 87' lang='lat' dir='ltr'><em>qui</em></span> <span class='ocrx_word' id='word_1_181' title='bbox 1256 1010 1329 1052; x_wconf 82' lang='grc'><em>1706</em></span> <span class='ocrx_word' id='word_1_182' title='bbox 1341 1017 1500 1063; x_wconf 87' lang='lat' dir='ltr'><em>peccato</em></span> <span class='ocrx_word' id='word_1_183' title='bbox 1518 1011 1715 1067; x_wconf 81' lang='lat' dir='ltr'><em>inficitur:</em></span> <span class='ocrx_word' id='word_1_184' title='bbox 1727 1024 1821 1065; x_wconf 73' lang='lat' dir='ltr'><em>erqo</em></span> <span class='ocrx_word' id='word_1_185' title='bbox 1833 1024 1883 1052; x_wconf 71' lang='lat' dir='ltr'><em>ea:</em></span> <span class='ocrx_word' id='word_1_186' title='bbox 1894 1010 2060 1052; x_wconf 82' lang='lat' dir='ltr'><em>homine</em></span> <span class='ocrx_word' id='word_1_187' title='bbox 2070 1018 2269 1054; x_wconf 86' lang='lat' dir='ltr'><em>nascatur</em></span> 
     </span>
     <span class='ocr_line' id='line_1_16' title="bbox 313 1069 2268 1126; baseline -0.001 -13"><span class='ocrx_word' id='word_1_188' title='bbox 313 1078 479 1126; x_wconf 80' lang='lat' dir='ltr'><em>oportet.</em></span> <span class='ocrx_word' id='word_1_189' title='bbox 519 1070 656 1122; x_wconf 83' lang='lat' dir='ltr'><em>Quare</em></span> <span class='ocrx_word' id='word_1_190' title='bbox 686 1069 839 1110; x_wconf 84' lang='lat' dir='ltr'><em>modus</em></span> <span class='ocrx_word' id='word_1_191' title='bbox 872 1070 1141 1124; x_wconf 78' lang='lat' dir='ltr'><em>propaqandi</em></span> <span class='ocrx_word' id='word_1_192' title='bbox 1173 1069 1293 1110; x_wconf 87' lang='lat' dir='ltr'><em>istius</em></span> <span class='ocrx_word' id='word_1_193' title='bbox 1323 1069 1474 1123; x_wconf 88' lang='lat' dir='ltr'><em>peccati</em></span> <span class='ocrx_word' id='word_1_194' title='bbox 1504 1083 1554 1111; x_wconf 68' lang='lat' dir='ltr'><em>esc</em></span> <span class='ocrx_word' id='word_1_195' title='bbox 1570 1070 1797 1123; x_wconf 75' lang='lat' dir='ltr'><em>procreatio</em></span> <span class='ocrx_word' id='word_1_196' title='bbox 1814 1069 1998 1111; x_wconf 79' lang='lat' dir='ltr'><em>hominis</em></span> <span class='ocrx_word' id='word_1_197' title='bbox 2014 1084 2063 1112; x_wconf 75' lang='lat' dir='ltr'><em>ex</em></span> <span class='ocrx_word' id='word_1_198' title='bbox 2079 1070 2268 1112; x_wconf 81' lang='lat' dir='ltr'><em>homin-e:</em></span> 
     </span>
     <span class='ocr_line' id='line_1_17' title="bbox 320 1127 2268 1184; baseline -0.002 -11"><span class='ocrx_word' id='word_1_199' title='bbox 320 1131 457 1174; x_wconf 88' lang='lat' dir='ltr'><em>Causa</em></span> <span class='ocrx_word' id='word_1_200' title='bbox 490 1143 597 1180; x_wconf 76' lang='lat' dir='ltr'><em>vero,</em></span> <span class='ocrx_word' id='word_1_201' title='bbox 617 1129 716 1184; x_wconf 90' lang='lat' dir='ltr'><em>quia</em></span> <span class='ocrx_word' id='word_1_202' title='bbox 735 1127 811 1170; x_wconf 91' lang='lat' dir='ltr'><em>sub</em></span> <span class='ocrx_word' id='word_1_203' title='bbox 836 1130 929 1183; x_wconf 80' lang='lat' dir='ltr'><em>leqe,</em></span> <span class='ocrx_word' id='word_1_204' title='bbox 952 1142 999 1171; x_wconf 90' lang='lat' dir='ltr'><em>ac</em></span> <span class='ocrx_word' id='word_1_205' title='bbox 1013 1142 1147 1182; x_wconf 88' lang='lat' dir='ltr'><em>poena</em></span> <span class='ocrx_word' id='word_1_206' title='bbox 1166 1128 1190 1170; x_wconf 79' lang='grc' dir='ltr'><em>ἀ</em></span> <span class='ocrx_word' id='word_1_207' title='bbox 1210 1128 1297 1169; x_wconf 87' lang='lat' dir='ltr'><em>Deo</em></span> <span class='ocrx_word' id='word_1_208' title='bbox 1315 1128 1510 1182; x_wconf 88' lang='lat' dir='ltr'><em>imposita</em></span> <span class='ocrx_word' id='word_1_209' title='bbox 1527 1128 1682 1170; x_wconf 87' lang='lat' dir='ltr'><em>Adami</em></span> <span class='ocrx_word' id='word_1_210' title='bbox 1695 1136 1855 1183; x_wconf 88' lang='lat' dir='ltr'><em>peccato</em></span> <span class='ocrx_word' id='word_1_211' title='bbox 1873 1128 2075 1170; x_wconf 85' lang='lat' dir='ltr'><em>nascitur.</em></span> <span class='ocrx_word' id='word_1_212' title='bbox 2119 1129 2268 1171; x_wconf 84' lang='lat' dir='ltr'><em>Verum</em></span> 
     </span>
     <span class='ocr_line' id='line_1_18' title="bbox 317 1186 2268 1245; baseline 0 -14"><span class='ocrx_word' id='word_1_213' title='bbox 317 1190 551 1245; x_wconf 86' lang='lat' dir='ltr'><em>quaeritur,</em></span> <span class='ocrx_word' id='word_1_214' title='bbox 584 1201 716 1244; x_wconf 88' lang='lat' dir='ltr'><em>quum</em></span> <span class='ocrx_word' id='word_1_215' title='bbox 748 1187 893 1229; x_wconf 88' lang='lat' dir='ltr'><em>anima</em></span> <span class='ocrx_word' id='word_1_216' title='bbox 926 1187 1116 1229; x_wconf 80' lang='lat' dir='ltr'><em>humana</em></span> <span class='ocrx_word' id='word_1_217' title='bbox 1143 1188 1168 1228; x_wconf 80' lang='lat' dir='ltr'><em>a</em></span> <span class='ocrx_word' id='word_1_218' title='bbox 1203 1186 1285 1229; x_wconf 89' lang='lat' dir='ltr'><em>Deo</em></span> <span class='ocrx_word' id='word_1_219' title='bbox 1327 1195 1496 1237; x_wconf 82' lang='lat' dir='ltr'><em>creetur,</em></span> <span class='ocrx_word' id='word_1_220' title='bbox 1516 1187 1634 1242; x_wconf 81' lang='lat' dir='ltr'><em>[pag.</em></span> <span class='ocrx_word' id='word_1_221' title='bbox 1663 1187 1797 1242; x_wconf 81' lang='lat'>1108]</span> <span class='ocrx_word' id='word_1_222' title='bbox 1815 1202 1862 1229; x_wconf 87' lang='lat' dir='ltr'><em>ae</em></span> <span class='ocrx_word' id='word_1_223' title='bbox 1878 1188 2055 1242; x_wconf 85' lang='lat' dir='ltr'><em>proinde</em></span> <span class='ocrx_word' id='word_1_224' title='bbox 2067 1201 2195 1244; x_wconf 85' lang='lat' dir='ltr'><em>pura,</em></span> <span class='ocrx_word' id='word_1_225' title='bbox 2218 1202 2268 1231; x_wconf 78' lang='lat' dir='ltr'><em>ex</em></span> 
     </span>
     <span class='ocr_line' id='line_1_19' title="bbox 312 1245 2268 1303; baseline -0.001 -13"><span class='ocrx_word' id='word_1_226' title='bbox 312 1249 466 1291; x_wconf 85' lang='lat' dir='ltr'><em>Anima</em></span> <span class='ocrx_word' id='word_1_227' title='bbox 492 1261 587 1289; x_wconf 82' lang='lat' dir='ltr'><em>vero</em></span> <span class='ocrx_word' id='word_1_228' title='bbox 603 1247 738 1302; x_wconf 86' lang='lat' dir='ltr'><em>patris</em></span> <span class='ocrx_word' id='word_1_229' title='bbox 755 1246 901 1288; x_wconf 86' lang='lat' dir='ltr'><em>anima</em></span> <span class='ocrx_word' id='word_1_230' title='bbox 920 1246 998 1303; x_wconf 84' lang='lat' dir='ltr'><em>filii</em></span> <span class='ocrx_word' id='word_1_231' title='bbox 1019 1260 1106 1287; x_wconf 87' lang='lat' dir='ltr'><em>non</em></span> <span class='ocrx_word' id='word_1_232' title='bbox 1123 1246 1383 1297; x_wconf 68' lang='lat' dir='ltr'><em>traducatur,</em></span> <span class='ocrx_word' id='word_1_233' title='bbox 1402 1247 1606 1302; x_wconf 87' lang='lat' dir='ltr'><em>quomodo</em></span> <span class='ocrx_word' id='word_1_234' title='bbox 1621 1254 1832 1300; x_wconf 87' lang='lat' dir='ltr'><em>peccatum</em></span> <span class='ocrx_word' id='word_1_235' title='bbox 1850 1247 1893 1288; x_wconf 91' lang='lat' dir='ltr'><em>in</em></span> <span class='ocrx_word' id='word_1_236' title='bbox 1917 1261 1963 1288; x_wconf 88' lang='lat' dir='ltr'><em>ea</em></span> <span class='ocrx_word' id='word_1_237' title='bbox 1981 1247 2206 1298; x_wconf 77' lang='lat' dir='ltr'><em>inhaerere,</em></span> <span class='ocrx_word' id='word_1_238' title='bbox 2227 1245 2268 1289; x_wconf 67' lang='lat' dir='ltr'><em>cos</em></span> 
     </span>
     <span class='ocr_line' id='line_1_20' title="bbox 313 1305 2268 1362; baseline -0.001 -13"><span class='ocrx_word' id='word_1_239' title='bbox 313 1309 444 1349; x_wconf 86' lang='lat' dir='ltr'><em>inesse</em></span> <span class='ocrx_word' id='word_1_240' title='bbox 468 1307 610 1362; x_wconf 80' lang='lat' dir='ltr'><em>possit,</em></span> <span class='ocrx_word' id='word_1_241' title='bbox 644 1319 749 1361; x_wconf 89' lang='lat' dir='ltr'><em>quae</em></span> <span class='ocrx_word' id='word_1_242' title='bbox 780 1319 890 1359; x_wconf 88' lang='lat' dir='ltr'><em>pura</em></span> <span class='ocrx_word' id='word_1_243' title='bbox 914 1313 969 1346; x_wconf 89' lang='lat' dir='ltr'><em>est</em></span> <span class='ocrx_word' id='word_1_244' title='bbox 997 1319 1126 1360; x_wconf 86' lang='lat' dir='ltr'><em>neque</em></span> <span class='ocrx_word' id='word_1_245' title='bbox 1156 1319 1205 1347; x_wconf 63' lang='lat' dir='ltr'><em>ese</em></span> <span class='ocrx_word' id='word_1_246' title='bbox 1228 1305 1395 1346; x_wconf 78' lang='lat' dir='ltr'><em>traduce</em></span> <span class='ocrx_word' id='word_1_247' title='bbox 1416 1305 1583 1346; x_wconf 85' lang='lat' dir='ltr'><em>animae</em></span> <span class='ocrx_word' id='word_1_248' title='bbox 1590 1306 1685 1359; x_wconf 72' lang='lat' dir='ltr'><em>jain</em></span> <span class='ocrx_word' id='word_1_249' title='bbox 1698 1306 1883 1359; x_wconf 88' lang='lat' dir='ltr'><em>pollutae</em></span> <span class='ocrx_word' id='word_1_250' title='bbox 1900 1313 2157 1360; x_wconf 83' lang='lat' dir='ltr'><em>procreatur.</em></span> <span class='ocrx_word' id='word_1_251' title='bbox 2190 1306 2268 1348; x_wconf 85' lang='lat' dir='ltr'><em>Re-</em></span> 
     </span>
     <span class='ocr_line' id='line_1_21' title="bbox 313 1364 2268 1421; baseline -0.001 -13"><span class='ocrx_word' id='word_1_252' title='bbox 313 1366 492 1421; x_wconf 85' lang='lat' dir='ltr'><em>spondeo</em></span> <span class='ocrx_word' id='word_1_253' title='bbox 523 1379 617 1407; x_wconf 73' lang='lat' dir='ltr'><em>vero</em></span> <span class='ocrx_word' id='word_1_254' title='bbox 635 1365 678 1406; x_wconf 87' lang='lat' dir='ltr'><em>id</em></span> <span class='ocrx_word' id='word_1_255' title='bbox 699 1365 790 1421; x_wconf 81' lang='lat' dir='ltr'><em>fieri</em></span> <span class='ocrx_word' id='word_1_256' title='bbox 806 1378 854 1405; x_wconf 70' lang='lat' dir='ltr'><em>cx</em></span> <span class='ocrx_word' id='word_1_257' title='bbox 862 1365 979 1418; x_wconf 85' lang='lat' dir='ltr'><em>justa</em></span> <span class='ocrx_word' id='word_1_258' title='bbox 1004 1364 1080 1407; x_wconf 87' lang='lat' dir='ltr'><em>Dei</em></span> <span class='ocrx_word' id='word_1_259' title='bbox 1102 1364 1364 1405; x_wconf 86' lang='lat' dir='ltr'><em>ordinatione</em></span> <span class='ocrx_word' id='word_1_260' title='bbox 1380 1364 1595 1418; x_wconf 87' lang='lat' dir='ltr'><em>punientis</em></span> <span class='ocrx_word' id='word_1_261' title='bbox 1611 1371 1819 1418; x_wconf 84' lang='lat' dir='ltr'><em>peccatum.</em></span> <span class='ocrx_word' id='word_1_262' title='bbox 1841 1365 1993 1406; x_wconf 86' lang='lat' dir='ltr'><em>Adami</em></span> <span class='ocrx_word' id='word_1_263' title='bbox 2013 1378 2100 1406; x_wconf 89' lang='lat' dir='ltr'><em>non</em></span> <span class='ocrx_word' id='word_1_264' title='bbox 2115 1364 2161 1406; x_wconf 85' lang='lat' dir='ltr'><em>in</em></span> <span class='ocrx_word' id='word_1_265' title='bbox 2179 1364 2268 1419; x_wconf 87' lang='lat' dir='ltr'><em>ipso</em></span> 
     </span>
     <span class='ocr_line' id='line_1_22' title="bbox 314 1423 2266 1479; baseline -0.002 -11"><span class='ocrx_word' id='word_1_266' title='bbox 314 1428 449 1468; x_wconf 84' lang='lat' dir='ltr'><em>solum.</em></span> <span class='ocrx_word' id='word_1_267' title='bbox 488 1425 675 1468; x_wconf 84' lang='lat' dir='ltr'><em>Adamo:</em></span> <span class='ocrx_word' id='word_1_268' title='bbox 717 1424 924 1465; x_wconf 87' lang='lat' dir='ltr'><em>sedetiam</em></span> <span class='ocrx_word' id='word_1_269' title='bbox 942 1423 987 1464; x_wconf 88' lang='lat' dir='ltr'><em>in</em></span> <span class='ocrx_word' id='word_1_270' title='bbox 1008 1423 1217 1474; x_wconf 85' lang='lat' dir='ltr'><em>omnibus,</em></span> <span class='ocrx_word' id='word_1_271' title='bbox 1241 1423 1281 1465; x_wconf 70' lang='lat' dir='ltr'><em>a·</em></span> <span class='ocrx_word' id='word_1_272' title='bbox 1303 1423 1480 1477; x_wconf 80' lang='lat' dir='ltr'><em>sinqulis</em></span> <span class='ocrx_word' id='word_1_273' title='bbox 1499 1424 1586 1477; x_wconf 82' lang='lat' dir='ltr'><em>ejus</em></span> <span class='ocrx_word' id='word_1_274' title='bbox 1602 1423 1788 1478; x_wconf 88' lang='lat' dir='ltr'><em>posteris.</em></span> <span class='ocrx_word' id='word_1_275' title='bbox 1821 1423 1887 1466; x_wconf 90' lang='lat' dir='ltr'><em>Sic</em></span> <span class='ocrx_word' id='word_1_276' title='bbox 1903 1437 2036 1479; x_wconf 83' lang='lat' dir='ltr'><em>quum</em></span> <span class='ocrx_word' id='word_1_277' title='bbox 2054 1423 2266 1479; x_wconf 76' lang='lat' dir='ltr'><em>quispiam</em></span> 
     </span>
     <span class='ocr_line' id='line_1_23' title="bbox 311 1482 2266 1540; baseline -0.001 -15"><span class='ocrx_word' id='word_1_278' title='bbox 311 1492 481 1540; x_wconf 84' lang='lat' dir='ltr'><em>propter</em></span> <span class='ocrx_word' id='word_1_279' title='bbox 513 1484 668 1525; x_wconf 80' lang='lat' dir='ltr'><em>crimen·</em></span> <span class='ocrx_word' id='word_1_280' title='bbox 700 1484 831 1524; x_wconf 81' lang='lat' dir='ltr'><em>laesae</em></span> <span class='ocrx_word' id='word_1_281' title='bbox 848 1483 1068 1536; x_wconf 75' lang='lat' dir='ltr'><em>Majestatis</em></span> <span class='ocrx_word' id='word_1_282' title='bbox 1085 1483 1111 1523; x_wconf 81' lang='lat' dir='ltr'><em>a</em></span> <span class='ocrx_word' id='word_1_283' title='bbox 1128 1496 1169 1523; x_wconf 91' lang='lat' dir='ltr'><em>se</em></span> <span class='ocrx_word' id='word_1_284' title='bbox 1184 1483 1466 1532; x_wconf 81' lang='lat' dir='ltr'><em>commissum,</em></span> <span class='ocrx_word' id='word_1_285' title='bbox 1485 1496 1534 1523; x_wconf 68' lang='lat' dir='ltr'><em>eac</em></span> <span class='ocrx_word' id='word_1_286' title='bbox 1552 1482 1680 1524; x_wconf 87' lang='lat' dir='ltr'><em>nobili</em></span> <span class='ocrx_word' id='word_1_287' title='bbox 1715 1482 1766 1523; x_wconf 87' lang='lat' dir='ltr'><em>sit</em></span> <span class='ocrx_word' id='word_1_288' title='bbox 1789 1482 1993 1537; x_wconf 78' lang='lat' dir='ltr'><em>iqnobilis,</em></span> <span class='ocrx_word' id='word_1_289' title='bbox 2014 1496 2156 1524; x_wconf 84' lang='lat' dir='ltr'><em>omnes</em></span> <span class='ocrx_word' id='word_1_290' title='bbox 2178 1482 2266 1536; x_wconf 68' lang='lat' dir='ltr'><em>effus</em></span> 
     </span>
     <span class='ocr_line' id='line_1_24' title="bbox 310 1541 2264 1598; baseline -0.002 -13"><span class='ocrx_word' id='word_1_291' title='bbox 310 1544 462 1598; x_wconf 86' lang='lat' dir='ltr'><em>posteri</em></span> <span class='ocrx_word' id='word_1_292' title='bbox 493 1543 661 1584; x_wconf 86' lang='lat' dir='ltr'><em>candem</em></span> <span class='ocrx_word' id='word_1_293' title='bbox 699 1541 985 1596; x_wconf 77' lang='lat' dir='ltr'><em>iqnobilitatem</em></span> <span class='ocrx_word' id='word_1_294' title='bbox 1022 1542 1127 1583; x_wconf 71' lang='lat' dir='ltr'><em>vetut</em></span> <span class='ocrx_word' id='word_1_295' title='bbox 1158 1541 1322 1595; x_wconf 88' lang='lat' dir='ltr'><em>paterni</em></span> <span class='ocrx_word' id='word_1_296' title='bbox 1338 1541 1527 1582; x_wconf 85' lang='lat' dir='ltr'><em>criminis</em></span> <span class='ocrx_word' id='word_1_297' title='bbox 1536 1555 1713 1595; x_wconf 82' lang='lat' dir='ltr'><em>poenam</em></span> <span class='ocrx_word' id='word_1_298' title='bbox 1736 1541 1890 1595; x_wconf 76' lang='lat' dir='ltr'><em>fermit,</em></span> <span class='ocrx_word' id='word_1_299' title='bbox 1909 1542 2098 1598; x_wconf 81' lang='lat' dir='ltr'><em>fiuntque</em></span> <span class='ocrx_word' id='word_1_300' title='bbox 2118 1555 2166 1583; x_wconf 93' lang='lat' dir='ltr'><em>ac</em></span> <span class='ocrx_word' id='word_1_301' title='bbox 2187 1554 2264 1582; x_wconf 88' lang='lat' dir='ltr'><em>na-</em></span> 
     </span>
     <span class='ocr_line' id='line_1_25' title="bbox 313 1600 2264 1656; baseline -0.002 -11"><span class='ocrx_word' id='word_1_302' title='bbox 313 1610 485 1645; x_wconf 86' lang='lat' dir='ltr'><em>scuntur</em></span> <span class='ocrx_word' id='word_1_303' title='bbox 506 1600 546 1643; x_wconf 67' lang='grc' dir='ltr'><em>ἃ·</em></span> <span class='ocrx_word' id='word_1_304' title='bbox 562 1601 641 1655; x_wconf 71' lang='lat' dir='ltr'><em>ipsi</em></span> <span class='ocrx_word' id='word_1_305' title='bbox 657 1600 863 1656; x_wconf 85' lang='lat' dir='ltr'><em>iqnobiles.</em></span> <span class='ocrx_word' id='word_1_306' title='bbox 882 1600 991 1655; x_wconf 77' lang='lat' dir='ltr'><em>Erqo</em></span> <span class='ocrx_word' id='word_1_307' title='bbox 1005 1601 1166 1655; x_wconf 87' lang='lat' dir='ltr'><em>polluta</em></span> <span class='ocrx_word' id='word_1_308' title='bbox 1183 1607 1238 1641; x_wconf 86' lang='lat' dir='ltr'><em>est</em></span> <span class='ocrx_word' id='word_1_309' title='bbox 1254 1601 1440 1656; x_wconf 80' lang='lat' dir='ltr'><em>filiorum</em></span> <span class='ocrx_word' id='word_1_310' title='bbox 1456 1600 1616 1651; x_wconf 83' lang='lat' dir='ltr'><em>anima,</em></span> <span class='ocrx_word' id='word_1_311' title='bbox 1630 1600 1669 1642; x_wconf 65' lang='grc' dir='ltr'><em>ἃ·</em></span> <span class='ocrx_word' id='word_1_312' title='bbox 1682 1600 1726 1641; x_wconf 86' lang='lat' dir='ltr'><em>in</em></span> <span class='ocrx_word' id='word_1_313' title='bbox 1738 1608 1999 1654; x_wconf 85' lang='lat' dir='ltr'><em>capeceatum</em></span> <span class='ocrx_word' id='word_1_314' title='bbox 2013 1600 2264 1642; x_wconf 82' lang='lat' dir='ltr'><em>inesteoclem</em></span> 
     </span>
     <span class='ocr_line' id='line_1_26' title="bbox 315 1660 2265 1717; baseline -0.002 -14"><span class='ocrx_word' id='word_1_315' title='bbox 315 1661 509 1717; x_wconf 84' lang='lat' dir='ltr'><em>temporis</em></span> <span class='ocrx_word' id='word_1_316' title='bbox 530 1667 747 1710; x_wconf 79' lang='lat' dir='ltr'><em>momente,</em></span> <span class='ocrx_word' id='word_1_317' title='bbox 767 1673 846 1714; x_wconf 89' lang='lat' dir='ltr'><em>quo</em></span> <span class='ocrx_word' id='word_1_318' title='bbox 864 1667 1027 1701; x_wconf 89' lang='lat' dir='ltr'><em>creatur</em></span> <span class='ocrx_word' id='word_1_319' title='bbox 1038 1660 1063 1699; x_wconf 78' lang='lat' dir='ltr'><em>a</em></span> <span class='ocrx_word' id='word_1_320' title='bbox 1080 1660 1180 1710; x_wconf 87' lang='lat' dir='ltr'><em>Deo,</em></span> <span class='ocrx_word' id='word_1_321' title='bbox 1200 1672 1285 1700; x_wconf 89' lang='lat' dir='ltr'><em>non</em></span> <span class='ocrx_word' id='word_1_322' title='bbox 1299 1667 1463 1714; x_wconf 87' lang='lat' dir='ltr'><em>postea:</em></span> <span class='ocrx_word' id='word_1_323' title='bbox 1483 1660 1620 1714; x_wconf 88' lang='lat' dir='ltr'><em>Neque</em></span> <span class='ocrx_word' id='word_1_324' title='bbox 1639 1667 1773 1700; x_wconf 88' lang='lat' dir='ltr'><em>tamen</em></span> <span class='ocrx_word' id='word_1_325' title='bbox 1794 1660 1878 1710; x_wconf 89' lang='lat' dir='ltr'><em>illa,</em></span> <span class='ocrx_word' id='word_1_326' title='bbox 1898 1667 2100 1715; x_wconf 82' lang='lat' dir='ltr'><em>quatenus</em></span> <span class='ocrx_word' id='word_1_327' title='bbox 2118 1666 2174 1701; x_wconf 89' lang='lat' dir='ltr'><em>est</em></span> <span class='ocrx_word' id='word_1_328' title='bbox 2186 1672 2265 1710; x_wconf 88' lang='lat' dir='ltr'><em>res,</em></span> 
     </span>
     <span class='ocr_line' id='line_1_27' title="bbox 318 1717 2265 1773; baseline -0.002 -10"><span class='ocrx_word' id='word_1_329' title='bbox 318 1720 358 1763; x_wconf 68' lang='grc' dir='ltr'><em>ἃ·</em></span> <span class='ocrx_word' id='word_1_330' title='bbox 390 1720 563 1762; x_wconf 76' lang='lat' dir='ltr'><em>essentia</em></span> <span class='ocrx_word' id='word_1_331' title='bbox 595 1733 620 1760; x_wconf 90' lang='lat' dir='ltr'><em>a</em></span> <span class='ocrx_word' id='word_1_332' title='bbox 652 1719 738 1760; x_wconf 88' lang='lat' dir='ltr'><em>Deo</em></span> <span class='ocrx_word' id='word_1_333' title='bbox 771 1719 819 1760; x_wconf 89' lang='lat' dir='ltr'><em>de</em></span> <span class='ocrx_word' id='word_1_334' title='bbox 856 1732 959 1759; x_wconf 83' lang='lat' dir='ltr'><em>novo</em></span> <span class='ocrx_word' id='word_1_335' title='bbox 993 1726 1140 1769; x_wconf 87' lang='lat' dir='ltr'><em>creata,</em></span> <span class='ocrx_word' id='word_1_336' title='bbox 1171 1719 1334 1773; x_wconf 89' lang='lat' dir='ltr'><em>polluta</em></span> <span class='ocrx_word' id='word_1_337' title='bbox 1370 1726 1451 1759; x_wconf 88' lang='lat' dir='ltr'><em>est:</em></span> <span class='ocrx_word' id='word_1_338' title='bbox 1473 1718 1553 1760; x_wconf 86' lang='lat' dir='ltr'><em>Sed</em></span> <span class='ocrx_word' id='word_1_339' title='bbox 1569 1722 1774 1773; x_wconf 89' lang='lat' dir='ltr'><em>quatenus</em></span> <span class='ocrx_word' id='word_1_340' title='bbox 1792 1726 1849 1760; x_wconf 87' lang='lat' dir='ltr'><em>est</em></span> <span class='ocrx_word' id='word_1_341' title='bbox 1866 1719 2118 1760; x_wconf 80' lang='lat' dir='ltr'><em>inhumana</em></span> <span class='ocrx_word' id='word_1_342' title='bbox 2134 1717 2265 1773; x_wconf 87' lang='lat' dir='ltr'><em>speeie</em></span> 
     </span>
     <span class='ocr_line' id='line_1_28' title="bbox 316 1777 2262 1832; baseline -0.002 -10"><span class='ocrx_word' id='word_1_343' title='bbox 316 1779 602 1829; x_wconf 82' lang='lat' dir='ltr'><em>lndividuum,</em></span> <span class='ocrx_word' id='word_1_344' title='bbox 613 1779 731 1832; x_wconf 84' lang='lat' dir='ltr'><em>justa</em></span> <span class='ocrx_word' id='word_1_345' title='bbox 749 1779 829 1832; x_wconf 77' lang='lat' dir='ltr'><em>lcqe</em></span> <span class='ocrx_word' id='word_1_346' title='bbox 848 1777 924 1819; x_wconf 87' lang='lat' dir='ltr'><em>Dei</em></span> <span class='ocrx_word' id='word_1_347' title='bbox 945 1777 985 1820; x_wconf 70' lang='grc' dir='ltr'><em>ἃ·</em></span> <span class='ocrx_word' id='word_1_348' title='bbox 1001 1777 1263 1819; x_wconf 86' lang='lat' dir='ltr'><em>ordinatione</em></span> <span class='ocrx_word' id='word_1_349' title='bbox 1280 1777 1376 1819; x_wconf 77' lang='lat' dir='ltr'><em>liuic</em></span> <span class='ocrx_word' id='word_1_350' title='bbox 1388 1791 1545 1831; x_wconf 91' lang='lat' dir='ltr'><em>poenae</em></span> <span class='ocrx_word' id='word_1_351' title='bbox 1561 1777 1787 1819; x_wconf 76' lang='lat' dir='ltr'><em>obnoxium</em></span> <span class='ocrx_word' id='word_1_352' title='bbox 1804 1791 1990 1819; x_wconf 88' lang='lat' dir='ltr'><em>nascens.</em></span> <span class='ocrx_word' id='word_1_353' title='bbox 2009 1777 2066 1818; x_wconf 72' lang='lat' dir='ltr'><em>Et</em></span> <span class='ocrx_word' id='word_1_354' title='bbox 2084 1792 2173 1831; x_wconf 82' lang='lat' dir='ltr'><em>cap.</em></span> <span class='ocrx_word' id='word_1_355' title='bbox 2196 1777 2262 1818; x_wconf 83' lang='lat'><em>18.</em></span> 
     </span>
     <span class='ocr_line' id='line_1_29' title="bbox 312 1836 2266 1893; baseline -0.001 -14"><span class='ocrx_word' id='word_1_356' title='bbox 312 1853 409 1893; x_wconf 78' lang='lat' dir='ltr'><em>pag.</em></span> <span class='ocrx_word' id='word_1_357' title='bbox 445 1838 543 1879; x_wconf 82' lang='lat'><em>150.</em></span> <span class='ocrx_word' id='word_1_358' title='bbox 586 1836 801 1880; x_wconf 79' lang='lat' dir='ltr'><em>Caeterum</em></span> <span class='ocrx_word' id='word_1_359' title='bbox 833 1837 960 1890; x_wconf 80' lang='lat' dir='ltr'><em>liujus</em></span> <span class='ocrx_word' id='word_1_360' title='bbox 989 1837 1152 1890; x_wconf 88' lang='lat' dir='ltr'><em>pcccati,</em></span> <span class='ocrx_word' id='word_1_361' title='bbox 1184 1836 1241 1878; x_wconf 86' lang='lat' dir='ltr'><em>uti</em></span> <span class='ocrx_word' id='word_1_362' title='bbox 1256 1844 1509 1878; x_wconf 88' lang='lat' dir='ltr'><em>caeterarum</em></span> <span class='ocrx_word' id='word_1_363' title='bbox 1530 1850 1685 1887; x_wconf 85' lang='lat' dir='ltr'><em>rerum,</em></span> <span class='ocrx_word' id='word_1_364' title='bbox 1704 1844 1803 1878; x_wconf 84' lang='lat' dir='ltr'><em>sunt</em></span> <span class='ocrx_word' id='word_1_365' title='bbox 1818 1844 2000 1892; x_wconf 84' lang='lat' dir='ltr'><em>quatuor</em></span> <span class='ocrx_word' id='word_1_366' title='bbox 2012 1836 2266 1891; x_wconf 75' lang='lat' dir='ltr'><em>principales</em></span> 
     </span>
     <span class='ocr_line' id='line_1_30' title="bbox 313 1895 2266 1952; baseline -0.001 -15"><span class='ocrx_word' id='word_1_367' title='bbox 313 1911 471 1948; x_wconf 80' lang='lat' dir='ltr'><em>causae,</em></span> <span class='ocrx_word' id='word_1_368' title='bbox 490 1897 697 1938; x_wconf 88' lang='lat' dir='ltr'><em>nimirum</em></span> <span class='ocrx_word' id='word_1_369' title='bbox 715 1895 803 1946; x_wconf 80' lang='lat' dir='ltr'><em>liae,</em></span> <span class='ocrx_word' id='word_1_370' title='bbox 822 1895 1011 1952; x_wconf 78' lang='lat' dir='ltr'><em>efficiens.</em></span> <span class='ocrx_word' id='word_1_371' title='bbox 1032 1896 1101 1937; x_wconf 86' lang='lat' dir='ltr'><em>Est</em></span> <span class='ocrx_word' id='word_1_372' title='bbox 1119 1903 1254 1937; x_wconf 89' lang='lat' dir='ltr'><em>autem</em></span> <span class='ocrx_word' id='word_1_373' title='bbox 1273 1909 1323 1937; x_wconf 67' lang='grc'><em>696</em></span> <span class='ocrx_word' id='word_1_374' title='bbox 1338 1903 1455 1949; x_wconf 87' lang='lat' dir='ltr'><em>parte</em></span> <span class='ocrx_word' id='word_1_375' title='bbox 1474 1895 1662 1947; x_wconf 70' lang='lat' dir='ltr'><em>bominis,</em></span> <span class='ocrx_word' id='word_1_376' title='bbox 1682 1896 1754 1937; x_wconf 84' lang='lat' dir='ltr'><em>illa</em></span> <span class='ocrx_word' id='word_1_377' title='bbox 1768 1896 1901 1949; x_wconf 87' lang='lat' dir='ltr'><em>primi</em></span> <span class='ocrx_word' id='word_1_378' title='bbox 1917 1895 2100 1938; x_wconf 80' lang='lat' dir='ltr'><em>hominis</em></span> <span class='ocrx_word' id='word_1_379' title='bbox 2118 1895 2266 1952; x_wconf 81' lang='lat' dir='ltr'><em>infide-</em></span> 
     </span>
     <span class='ocr_line' id='line_1_31' title="bbox 314 1953 2265 2008; baseline -0.002 -10"><span class='ocrx_word' id='word_1_380' title='bbox 314 1957 420 2007; x_wconf 83' lang='lat' dir='ltr'><em>litas,</em></span> <span class='ocrx_word' id='word_1_381' title='bbox 459 1955 499 1997; x_wconf 71' lang='grc' dir='ltr'><em>ἃ·</em></span> <span class='ocrx_word' id='word_1_382' title='bbox 530 1955 691 1997; x_wconf 87' lang='lat' dir='ltr'><em>rebellio</em></span> <span class='ocrx_word' id='word_1_383' title='bbox 715 1954 852 1996; x_wconf 90' lang='lat' dir='ltr'><em>libera.</em></span> <span class='ocrx_word' id='word_1_384' title='bbox 888 1953 993 1996; x_wconf 82' lang='lat' dir='ltr'><em>Item</em></span> <span class='ocrx_word' id='word_1_385' title='bbox 1016 1955 1191 1996; x_wconf 85' lang='lat' dir='ltr'><em>materia</em></span> <span class='ocrx_word' id='word_1_386' title='bbox 1217 1968 1285 1996; x_wconf 81' lang='lat' dir='ltr'><em>seu</em></span> <span class='ocrx_word' id='word_1_387' title='bbox 1302 1954 1540 2008; x_wconf 85' lang='lat' dir='ltr'><em>subjectum.</em></span> <span class='ocrx_word' id='word_1_388' title='bbox 1563 1956 1646 1996; x_wconf 80' lang='lat' dir='ltr'><em>Est</em></span> <span class='ocrx_word' id='word_1_389' title='bbox 1662 1962 1800 1996; x_wconf 87' lang='lat' dir='ltr'><em>autem</em></span> <span class='ocrx_word' id='word_1_390' title='bbox 1816 1953 1999 1996; x_wconf 78' lang='lat' dir='ltr'><em>hominis</em></span> <span class='ocrx_word' id='word_1_391' title='bbox 2016 1954 2176 2005; x_wconf 80' lang='lat' dir='ltr'><em>anima,</em></span> <span class='ocrx_word' id='word_1_392' title='bbox 2193 1967 2265 1995; x_wconf 88' lang='lat' dir='ltr'><em>seu</em></span> 
     </span>
     <span class='ocr_line' id='line_1_32' title="bbox 312 2012 2265 2070; baseline -0.002 -13"><span class='ocrx_word' id='word_1_393' title='bbox 312 2017 539 2070; x_wconf 73' lang='lat' dir='ltr'><em>facultates.</em></span> <span class='ocrx_word' id='word_1_394' title='bbox 571 2014 723 2056; x_wconf 82' lang='lat' dir='ltr'><em>Anima</em></span> <span class='ocrx_word' id='word_1_395' title='bbox 746 2014 856 2055; x_wconf 87' lang='lat' dir='ltr'><em>enim</em></span> <span class='ocrx_word' id='word_1_396' title='bbox 871 2013 1043 2068; x_wconf 89' lang='lat' dir='ltr'><em>proprie</em></span> <span class='ocrx_word' id='word_1_397' title='bbox 1059 2021 1114 2054; x_wconf 90' lang='lat' dir='ltr'><em>est</em></span> <span class='ocrx_word' id='word_1_398' title='bbox 1129 2014 1280 2068; x_wconf 88' lang='lat' dir='ltr'><em>peccati</em></span> <span class='ocrx_word' id='word_1_399' title='bbox 1300 2014 1529 2067; x_wconf 77' lang='lat' dir='ltr'><em>Oriqinalis</em></span> <span class='ocrx_word' id='word_1_400' title='bbox 1547 2013 1671 2056; x_wconf 86' lang='lat' dir='ltr'><em>sedes.</em></span> <span class='ocrx_word' id='word_1_401' title='bbox 1705 2013 1862 2054; x_wconf 85' lang='lat' dir='ltr'><em>Forma</em></span> <span class='ocrx_word' id='word_1_402' title='bbox 1876 2013 2031 2067; x_wconf 87' lang='lat' dir='ltr'><em>peccati</em></span> <span class='ocrx_word' id='word_1_403' title='bbox 2046 2012 2265 2067; x_wconf 80' lang='lat' dir='ltr'><em>oriqinalis</em></span> 
     </span>
     <span class='ocr_line' id='line_1_33' title="bbox 312 2070 2266 2129; baseline -0.002 -13"><span class='ocrx_word' id='word_1_404' title='bbox 312 2083 368 2116; x_wconf 87' lang='lat' dir='ltr'><em>est</em></span> <span class='ocrx_word' id='word_1_405' title='bbox 382 2073 618 2129; x_wconf 82' lang='lat' dir='ltr'><em>depravatio</em></span> <span class='ocrx_word' id='word_1_406' title='bbox 637 2073 759 2114; x_wconf 84' lang='lat' dir='ltr'><em>totius</em></span> <span class='ocrx_word' id='word_1_407' title='bbox 777 2073 990 2114; x_wconf 79' lang='lat' dir='ltr'><em>humanae</em></span> <span class='ocrx_word' id='word_1_408' title='bbox 1007 2080 1202 2114; x_wconf 87' lang='lat' dir='ltr'><em>naturae:</em></span> <span class='ocrx_word' id='word_1_409' title='bbox 1221 2086 1366 2127; x_wconf 83' lang='lat' dir='ltr'><em>nempe</em></span> <span class='ocrx_word' id='word_1_410' title='bbox 1380 2072 1563 2114; x_wconf 86' lang='lat' dir='ltr'><em>tenebrae</em></span> <span class='ocrx_word' id='word_1_411' title='bbox 1580 2073 1625 2113; x_wconf 84' lang='lat' dir='ltr'><em>in</em></span> <span class='ocrx_word' id='word_1_412' title='bbox 1644 2080 1797 2113; x_wconf 82' lang='lat' dir='ltr'><em>mente:</em></span> <span class='ocrx_word' id='word_1_413' title='bbox 1818 2070 1857 2113; x_wconf 60' lang='grc' dir='ltr'><em>ἃ</em></span> <span class='ocrx_word' id='word_1_414' title='bbox 1871 2071 2013 2122; x_wconf 68' lang='grc' dir='ltr'><em>ἀταξία</em></span> <span class='ocrx_word' id='word_1_415' title='bbox 2023 2071 2266 2127; x_wconf 85' lang='lat' dir='ltr'><em>rebellioque</em></span> 
     </span>
     <span class='ocr_line' id='line_1_34' title="bbox 315 2128 2265 2186; baseline -0.002 -12"><span class='ocrx_word' id='word_1_416' title='bbox 315 2134 357 2176; x_wconf 87' lang='lat' dir='ltr'><em>in</em></span> <span class='ocrx_word' id='word_1_417' title='bbox 393 2135 600 2176; x_wconf 79' lang='lat' dir='ltr'><em>voluntate</em></span> <span class='ocrx_word' id='word_1_418' title='bbox 636 2132 832 2173; x_wconf 79' lang='lat' dir='ltr'><em>hominis.</em></span> <span class='ocrx_word' id='word_1_419' title='bbox 873 2131 988 2174; x_wconf 77' lang='lat' dir='ltr'><em>Unde</em></span> <span class='ocrx_word' id='word_1_420' title='bbox 1021 2139 1161 2173; x_wconf 86' lang='lat' dir='ltr'><em>reatus</em></span> <span class='ocrx_word' id='word_1_421' title='bbox 1193 2132 1379 2186; x_wconf 83' lang='lat' dir='ltr'><em>sequitur</em></span> <span class='ocrx_word' id='word_1_422' title='bbox 1410 2132 1455 2172; x_wconf 85' lang='lat' dir='ltr'><em>in</em></span> <span class='ocrx_word' id='word_1_423' title='bbox 1491 2131 1609 2172; x_wconf 90' lang='lat' dir='ltr'><em>nobis</em></span> <span class='ocrx_word' id='word_1_424' title='bbox 1637 2131 1739 2185; x_wconf 86' lang='lat' dir='ltr'><em>ipsis</em></span> <span class='ocrx_word' id='word_1_425' title='bbox 1772 2144 1911 2172; x_wconf 86' lang='lat' dir='ltr'><em>coram</em></span> <span class='ocrx_word' id='word_1_426' title='bbox 1943 2131 2054 2172; x_wconf 86' lang='lat' dir='ltr'><em>Deo:</em></span> <span class='ocrx_word' id='word_1_427' title='bbox 2080 2128 2121 2172; x_wconf 72' lang='grc' dir='ltr'><em>ἃ·</em></span> <span class='ocrx_word' id='word_1_428' title='bbox 2135 2131 2265 2186; x_wconf 79' lang='lat' dir='ltr'><em>fomes</em></span> 
     </span>
     <span class='ocr_line' id='line_1_35' title="bbox 310 2189 2261 2247; baseline -0.002 -14"><span class='ocrx_word' id='word_1_429' title='bbox 310 2193 519 2247; x_wconf 82' lang='lat' dir='ltr'><em>perennis,</em></span> <span class='ocrx_word' id='word_1_430' title='bbox 553 2191 635 2232; x_wconf 74' lang='lat' dir='ltr'><em>sive</em></span> <span class='ocrx_word' id='word_1_431' title='bbox 667 2192 763 2245; x_wconf 79' lang='lat' dir='ltr'><em>sons</em></span> <span class='ocrx_word' id='word_1_432' title='bbox 792 2190 1013 2245; x_wconf 87' lang='lat' dir='ltr'><em>peccandi:</em></span> <span class='ocrx_word' id='word_1_433' title='bbox 1049 2189 1089 2232; x_wconf 56' lang='grc' dir='ltr'><em>ἃ</em></span> <span class='ocrx_word' id='word_1_434' title='bbox 1118 2198 1279 2245; x_wconf 85' lang='lat' dir='ltr'><em>peccata</em></span> <span class='ocrx_word' id='word_1_435' title='bbox 1311 2191 1404 2244; x_wconf 83' lang='lat' dir='ltr'><em>ipsa</em></span> <span class='ocrx_word' id='word_1_436' title='bbox 1421 2191 1615 2240; x_wconf 87' lang='lat' dir='ltr'><em>actualia,</em></span> <span class='ocrx_word' id='word_1_437' title='bbox 1635 2204 1739 2245; x_wconf 88' lang='lat' dir='ltr'><em>quae</em></span> <span class='ocrx_word' id='word_1_438' title='bbox 1757 2191 1837 2231; x_wconf 89' lang='lat' dir='ltr'><em>tria</em></span> <span class='ocrx_word' id='word_1_439' title='bbox 1854 2197 1952 2231; x_wconf 86' lang='lat' dir='ltr'><em>sunt</em></span> <span class='ocrx_word' id='word_1_440' title='bbox 1975 2189 2094 2231; x_wconf 86' lang='lat' dir='ltr'><em>istius</em></span> <span class='ocrx_word' id='word_1_441' title='bbox 2111 2189 2261 2243; x_wconf 89' lang='lat' dir='ltr'><em>peceati</em></span> 
     </span>
     <span class='ocr_line' id='line_1_36' title="bbox 305 2249 2265 2306; baseline -0.001 -15"><span class='ocrx_word' id='word_1_442' title='bbox 305 2252 539 2305; x_wconf 82' lang='lat' dir='ltr'><em>justissima</em></span> <span class='ocrx_word' id='word_1_443' title='bbox 558 2252 710 2306; x_wconf 80' lang='lat' dir='ltr'><em>effecta,</em></span> <span class='ocrx_word' id='word_1_444' title='bbox 729 2249 836 2290; x_wconf 80' lang='lat' dir='ltr'><em>Ibid.</em></span> <span class='ocrx_word' id='word_1_445' title='bbox 862 2249 988 2303; x_wconf 80' lang='lat' dir='ltr'><em>paulo</em></span> <span class='ocrx_word' id='word_1_446' title='bbox 1005 2252 1122 2303; x_wconf 72' lang='lat' dir='ltr'><em>post:</em></span> <span class='ocrx_word' id='word_1_447' title='bbox 1142 2249 1331 2304; x_wconf 89' lang='lat' dir='ltr'><em>Denique</em></span> <span class='ocrx_word' id='word_1_448' title='bbox 1343 2249 1496 2303; x_wconf 84' lang='lat' dir='ltr'><em>peccati</em></span> <span class='ocrx_word' id='word_1_449' title='bbox 1513 2249 1731 2303; x_wconf 78' lang='lat' dir='ltr'><em>oriqinalis</em></span> <span class='ocrx_word' id='word_1_450' title='bbox 1747 2249 1926 2305; x_wconf 75' lang='lat' dir='ltr'><em>efficiens</em></span> <span class='ocrx_word' id='word_1_451' title='bbox 1943 2262 2068 2290; x_wconf 88' lang='lat' dir='ltr'><em>causa</em></span> <span class='ocrx_word' id='word_1_452' title='bbox 2085 2262 2131 2289; x_wconf 61' lang='lat' dir='ltr'><em>ex</em></span> <span class='ocrx_word' id='word_1_453' title='bbox 2146 2255 2265 2302; x_wconf 86' lang='lat' dir='ltr'><em>parte</em></span> 
     </span>
     <span class='ocr_line' id='line_1_37' title="bbox 313 2306 2264 2364; baseline -0.002 -13"><span class='ocrx_word' id='word_1_454' title='bbox 313 2311 390 2351; x_wconf 91' lang='lat' dir='ltr'><em>Dei</em></span> <span class='ocrx_word' id='word_1_455' title='bbox 411 2318 466 2351; x_wconf 90' lang='lat' dir='ltr'><em>est</em></span> <span class='ocrx_word' id='word_1_456' title='bbox 476 2310 594 2364; x_wconf 88' lang='lat' dir='ltr'><em>justa</em></span> <span class='ocrx_word' id='word_1_457' title='bbox 613 2309 744 2363; x_wconf 87' lang='lat' dir='ltr'><em>ipsius</em></span> <span class='ocrx_word' id='word_1_458' title='bbox 762 2308 983 2359; x_wconf 89' lang='lat' dir='ltr'><em>ordinatio,</em></span> <span class='ocrx_word' id='word_1_459' title='bbox 1004 2321 1088 2349; x_wconf 86' lang='lat' dir='ltr'><em>non</em></span> <span class='ocrx_word' id='word_1_460' title='bbox 1107 2308 1197 2363; x_wconf 87' lang='lat' dir='ltr'><em>ipsa</em></span> <span class='ocrx_word' id='word_1_461' title='bbox 1214 2308 1423 2350; x_wconf 88' lang='lat' dir='ltr'><em>naturalis</em></span> <span class='ocrx_word' id='word_1_462' title='bbox 1441 2308 1502 2349; x_wconf 73' lang='lat' dir='ltr'><em>vis</em></span> <span class='ocrx_word' id='word_1_463' title='bbox 1518 2308 1728 2362; x_wconf 76' lang='lat' dir='ltr'><em>qiqnendi,</em></span> <span class='ocrx_word' id='word_1_464' title='bbox 1747 2321 1852 2363; x_wconf 89' lang='lat' dir='ltr'><em>quae</em></span> <span class='ocrx_word' id='word_1_465' title='bbox 1868 2315 1923 2349; x_wconf 87' lang='lat' dir='ltr'><em>est</em></span> <span class='ocrx_word' id='word_1_466' title='bbox 1941 2307 1985 2348; x_wconf 87' lang='lat' dir='ltr'><em>in</em></span> <span class='ocrx_word' id='word_1_467' title='bbox 2002 2307 2119 2348; x_wconf 87' lang='lat' dir='ltr'><em>nobis</em></span> <span class='ocrx_word' id='word_1_468' title='bbox 2135 2307 2160 2346; x_wconf 80' lang='lat' dir='ltr'><em>a</em></span> <span class='ocrx_word' id='word_1_469' title='bbox 2179 2306 2264 2348; x_wconf 87' lang='lat' dir='ltr'><em>Deo</em></span> 
     </span>
     <span class='ocr_line' id='line_1_38' title="bbox 318 2365 2266 2422; baseline -0.002 -13"><span class='ocrx_word' id='word_1_470' title='bbox 318 2367 357 2409; x_wconf 65' lang='lat' dir='ltr'><em>a·</em></span> <span class='ocrx_word' id='word_1_471' title='bbox 376 2370 434 2411; x_wconf 89' lang='lat' dir='ltr'><em>illi</em></span> <span class='ocrx_word' id='word_1_472' title='bbox 439 2382 486 2410; x_wconf 89' lang='lat' dir='ltr'><em>us</em></span> <span class='ocrx_word' id='word_1_473' title='bbox 503 2369 581 2410; x_wconf 88' lang='lat' dir='ltr'><em>Dei</em></span> <span class='ocrx_word' id='word_1_474' title='bbox 593 2368 891 2413; x_wconf 80' lang='lat' dir='ltr'><em>benedictionis,</em></span> <span class='ocrx_word' id='word_1_475' title='bbox 903 2366 1084 2408; x_wconf 77' lang='lat' dir='ltr'><em>Crescite</em></span> <span class='ocrx_word' id='word_1_476' title='bbox 1099 2368 1162 2409; x_wconf 67' lang='lat' dir='ltr'><em>Sic.</em></span> <span class='ocrx_word' id='word_1_477' title='bbox 1177 2369 1377 2422; x_wconf 79' lang='lat' dir='ltr'><em>effectum.</em></span> <span class='ocrx_word' id='word_1_478' title='bbox 1396 2367 1461 2408; x_wconf 86' lang='lat' dir='ltr'><em>Sic</em></span> <span class='ocrx_word' id='word_1_479' title='bbox 1472 2380 1634 2422; x_wconf 82' lang='lat' dir='ltr'><em>quoque</em></span> <span class='ocrx_word' id='word_1_480' title='bbox 1646 2367 1819 2421; x_wconf 75' lang='lat' dir='ltr'><em>Auqust.</em></span> <span class='ocrx_word' id='word_1_481' title='bbox 1840 2366 1988 2407; x_wconf 83' lang='lat' dir='ltr'><em>Modus</em></span> <span class='ocrx_word' id='word_1_482' title='bbox 1997 2365 2266 2420; x_wconf 77' lang='lat' dir='ltr'><em>propaqandi</em></span> 
     </span>
     <span class='ocr_line' id='line_1_39' title="bbox 315 2423 2264 2482; baseline -0.002 -15"><span class='ocrx_word' id='word_1_483' title='bbox 315 2428 418 2469; x_wconf 86' lang='lat' dir='ltr'><em>illud</em></span> <span class='ocrx_word' id='word_1_484' title='bbox 437 2428 492 2468; x_wconf 89' lang='lat' dir='ltr'><em>ad</em></span> <span class='ocrx_word' id='word_1_485' title='bbox 509 2434 705 2481; x_wconf 87' lang='lat' dir='ltr'><em>posteros,</em></span> <span class='ocrx_word' id='word_1_486' title='bbox 724 2434 779 2468; x_wconf 85' lang='lat' dir='ltr'><em>est</em></span> <span class='ocrx_word' id='word_1_487' title='bbox 796 2426 1001 2482; x_wconf 64' lang='lat' dir='ltr'><em>qenmatio</em></span> <span class='ocrx_word' id='word_1_488' title='bbox 1020 2426 1185 2481; x_wconf 86' lang='lat' dir='ltr'><em>quidem</em></span> <span class='ocrx_word' id='word_1_489' title='bbox 1202 2424 1243 2466; x_wconf 69' lang='grc'><em>86</em></span> <span class='ocrx_word' id='word_1_490' title='bbox 1251 2426 1494 2480; x_wconf 86' lang='lat' dir='ltr'><em>procreatio,</em></span> <span class='ocrx_word' id='word_1_491' title='bbox 1513 2439 1587 2480; x_wconf 84' lang='lat' dir='ltr'><em>per</em></span> <span class='ocrx_word' id='word_1_492' title='bbox 1604 2439 1732 2480; x_wconf 89' lang='lat' dir='ltr'><em>quam</em></span> <span class='ocrx_word' id='word_1_493' title='bbox 1754 2425 1939 2467; x_wconf 79' lang='lat' dir='ltr'><em>homines</em></span> <span class='ocrx_word' id='word_1_494' title='bbox 1959 2438 2008 2465; x_wconf 74' lang='grc'><em>696</em></span> <span class='ocrx_word' id='word_1_495' title='bbox 2025 2423 2264 2465; x_wconf 79' lang='lat' dir='ltr'><em>hominibus</em></span> 
     </span>
     <span class='ocr_line' id='line_1_40' title="bbox 313 2482 2262 2541; baseline -0.002 -15"><span class='ocrx_word' id='word_1_496' title='bbox 313 2494 510 2528; x_wconf 87' lang='lat' dir='ltr'><em>nascatur</em></span> <span class='ocrx_word' id='word_1_497' title='bbox 525 2487 605 2541; x_wconf 80' lang='lat' dir='ltr'><em>leqe</em></span> <span class='ocrx_word' id='word_1_498' title='bbox 622 2493 812 2536; x_wconf 86' lang='lat' dir='ltr'><em>naturae,</em></span> <span class='ocrx_word' id='word_1_499' title='bbox 835 2485 904 2526; x_wconf 86' lang='lat' dir='ltr'><em>sed</em></span> <span class='ocrx_word' id='word_1_500' title='bbox 921 2485 1058 2526; x_wconf 85' lang='lat' dir='ltr'><em>eadem</em></span> <span class='ocrx_word' id='word_1_501' title='bbox 1073 2485 1280 2539; x_wconf 79' lang='lat' dir='ltr'><em>qcneratio</em></span> <span class='ocrx_word' id='word_1_502' title='bbox 1293 2498 1375 2526; x_wconf 90' lang='lat' dir='ltr'><em>non</em></span> <span class='ocrx_word' id='word_1_503' title='bbox 1392 2492 1447 2526; x_wconf 90' lang='lat' dir='ltr'><em>est</em></span> <span class='ocrx_word' id='word_1_504' title='bbox 1460 2484 1772 2539; x_wconf 80' lang='lat' dir='ltr'><em>propaqationis</em></span> <span class='ocrx_word' id='word_1_505' title='bbox 1782 2484 1902 2525; x_wconf 85' lang='lat' dir='ltr'><em>istius</em></span> <span class='ocrx_word' id='word_1_506' title='bbox 1912 2496 2050 2525; x_wconf 87' lang='lat' dir='ltr'><em>causa.</em></span> <span class='ocrx_word' id='word_1_507' title='bbox 2066 2482 2262 2524; x_wconf 83' lang='lat' dir='ltr'><em>Calvinus</em></span> 
     </span>
     <span class='ocr_line' id='line_1_41' title="bbox 314 2541 2262 2598; baseline -0.002 -14"><span class='ocrx_word' id='word_1_508' title='bbox 314 2545 358 2585; x_wconf 88' lang='lat' dir='ltr'><em>in</em></span> <span class='ocrx_word' id='word_1_509' title='bbox 375 2552 639 2586; x_wconf 63' lang='lat' dir='ltr'><em>commentcu:</em></span> <span class='ocrx_word' id='word_1_510' title='bbox 658 2545 703 2585; x_wconf 83' lang='lat' dir='ltr'><em>in</em></span> <span class='ocrx_word' id='word_1_511' title='bbox 724 2545 865 2586; x_wconf 88' lang='lat' dir='ltr'><em>Gencs.</em></span> <span class='ocrx_word' id='word_1_512' title='bbox 884 2557 971 2598; x_wconf 86' lang='lat' dir='ltr'><em>cap.</em></span> <span class='ocrx_word' id='word_1_513' title='bbox 992 2545 1028 2584; x_wconf 85' lang='lat'><em>3.</em></span> <span class='ocrx_word' id='word_1_514' title='bbox 1048 2557 1152 2585; x_wconf 81' lang='lat' dir='ltr'><em>vers.</em></span> <span class='ocrx_word' id='word_1_515' title='bbox 1175 2543 1215 2584; x_wconf 85' lang='grc'><em>6.</em></span> <span class='ocrx_word' id='word_1_516' title='bbox 1240 2545 1401 2584; x_wconf 61' lang='lat' dir='ltr'><em>exserte</em></span> <span class='ocrx_word' id='word_1_517' title='bbox 1423 2545 1552 2598; x_wconf 57' lang='lat' dir='ltr'><em>negat</em></span> <span class='ocrx_word' id='word_1_518' title='bbox 1574 2545 1791 2597; x_wconf 71' lang='lat' dir='ltr'><em>peccatum</em></span> <span class='ocrx_word' id='word_1_519' title='bbox 1808 2542 1886 2583; x_wconf 88' lang='lat' dir='ltr'><em>hoc</em></span> <span class='ocrx_word' id='word_1_520' title='bbox 1902 2541 2153 2582; x_wconf 72' lang='lat' dir='ltr'><em>naturaliter</em></span> <span class='ocrx_word' id='word_1_521' title='bbox 2164 2555 2262 2595; x_wconf 87' lang='lat' dir='ltr'><em>pro-</em></span> 
     </span>
     <span class='ocr_line' id='line_1_42' title="bbox 315 2600 2261 2657; baseline -0.001 -16"><span class='ocrx_word' id='word_1_522' title='bbox 315 2603 475 2657; x_wconf 76' lang='lat' dir='ltr'><em>pagari.</em></span> <span class='ocrx_word' id='word_1_523' title='bbox 510 2602 627 2651; x_wconf 78' lang='lat' dir='ltr'><em>Quod</em></span> <span class='ocrx_word' id='word_1_524' title='bbox 656 2618 739 2644; x_wconf 87' lang='lat' dir='ltr'><em>non</em></span> <span class='ocrx_word' id='word_1_525' title='bbox 768 2603 816 2643; x_wconf 76' lang='lat' dir='ltr'><em>de</em></span> <span class='ocrx_word' id='word_1_526' title='bbox 835 2603 955 2643; x_wconf 82' lang='lat' dir='ltr'><em>modo</em></span> <span class='ocrx_word' id='word_1_527' title='bbox 972 2602 1157 2643; x_wconf 70' lang='lat' dir='ltr'><em>naturali</em></span> <span class='ocrx_word' id='word_1_528' title='bbox 1176 2602 1247 2643; x_wconf 77' lang='lat' dir='ltr'><em>sed</em></span> <span class='ocrx_word' id='word_1_529' title='bbox 1264 2602 1313 2642; x_wconf 81' lang='lat' dir='ltr'><em>de</em></span> <span class='ocrx_word' id='word_1_530' title='bbox 1332 2616 1456 2643; x_wconf 78' lang='lat' dir='ltr'><em>causa</em></span> <span class='ocrx_word' id='word_1_531' title='bbox 1473 2601 1658 2642; x_wconf 56' lang='lat' dir='ltr'><em>naturali</em></span> <span class='ocrx_word' id='word_1_532' title='bbox 1676 2601 1975 2656; x_wconf 82' lang='lat' dir='ltr'><em>accipiendum,</em></span> <span class='ocrx_word' id='word_1_533' title='bbox 1994 2600 2200 2653; x_wconf 86' lang='lat' dir='ltr'><em>quomodo</em></span> <span class='ocrx_word' id='word_1_534' title='bbox 2218 2614 2261 2640; x_wconf 85' lang='lat' dir='ltr'><em>se</em></span> 
     </span>
     <span class='ocr_line' id='line_1_43' title="bbox 316 2659 2260 2715; baseline -0.001 -14"><span class='ocrx_word' id='word_1_535' title='bbox 316 2662 497 2715; x_wconf 70' lang='lat' dir='ltr'><em>explicat</em></span> <span class='ocrx_word' id='word_1_536' title='bbox 513 2661 585 2702; x_wconf 82' lang='lat' dir='ltr'><em>lib.</em></span> <span class='ocrx_word' id='word_1_537' title='bbox 605 2662 643 2701; x_wconf 82' lang='lat'><em>2.</em></span> <span class='ocrx_word' id='word_1_538' title='bbox 662 2661 851 2703; x_wconf 70' lang='lat' dir='ltr'><em>Institut.</em></span> <span class='ocrx_word' id='word_1_539' title='bbox 870 2676 958 2714; x_wconf 78' lang='lat' dir='ltr'><em>cap.</em></span> <span class='ocrx_word' id='word_1_540' title='bbox 982 2661 1001 2700; x_wconf 85' lang='lat'>1</span> <span class='ocrx_word' id='word_1_541' title='bbox 1023 2663 1121 2702; x_wconf 72' lang='lat' dir='ltr'><em>sect.</em></span> <span class='ocrx_word' id='word_1_542' title='bbox 1144 2661 1180 2701; x_wconf 84' lang='lat'><em>7.</em></span> <span class='ocrx_word' id='word_1_543' title='bbox 1202 2660 1316 2704; x_wconf 83' lang='lat' dir='ltr'><em>Nihil</em></span> <span class='ocrx_word' id='word_1_544' title='bbox 1332 2674 1426 2715; x_wconf 81' lang='lat' dir='ltr'><em>erqo</em></span> <span class='ocrx_word' id='word_1_545' title='bbox 1442 2660 1629 2711; x_wconf 84' lang='lat' dir='ltr'><em>absurdi,</em></span> <span class='ocrx_word' id='word_1_546' title='bbox 1649 2661 1685 2702; x_wconf 87' lang='lat' dir='ltr'><em>si</em></span> <span class='ocrx_word' id='word_1_547' title='bbox 1701 2661 1874 2715; x_wconf 85' lang='lat' dir='ltr'><em>spoliato</em></span> <span class='ocrx_word' id='word_1_548' title='bbox 1892 2674 1949 2710; x_wconf 90' lang='grc'><em>60,</em></span> <span class='ocrx_word' id='word_1_549' title='bbox 1967 2666 2123 2700; x_wconf 87' lang='lat' dir='ltr'><em>natura</em></span> <span class='ocrx_word' id='word_1_550' title='bbox 2140 2659 2260 2700; x_wconf 87' lang='lat' dir='ltr'><em>nuda</em></span> 
     </span>
     <span class='ocr_line' id='line_1_44' title="bbox 314 2716 2261 2775; baseline -0.002 -15"><span class='ocrx_word' id='word_1_551' title='bbox 314 2720 516 2774; x_wconf 77' lang='lat' dir='ltr'><em>inopsque</em></span> <span class='ocrx_word' id='word_1_552' title='bbox 549 2720 804 2762; x_wconf 78' lang='lat' dir='ltr'><em>destituitur:</em></span> <span class='ocrx_word' id='word_1_553' title='bbox 836 2721 872 2761; x_wconf 88' lang='lat' dir='ltr'><em>si</em></span> <span class='ocrx_word' id='word_1_554' title='bbox 891 2721 957 2762; x_wconf 87' lang='lat' dir='ltr'><em>illo</em></span> <span class='ocrx_word' id='word_1_555' title='bbox 972 2734 1047 2774; x_wconf 91' lang='lat' dir='ltr'><em>per</em></span> <span class='ocrx_word' id='word_1_556' title='bbox 1065 2727 1276 2774; x_wconf 85' lang='lat' dir='ltr'><em>peccatum</em></span> <span class='ocrx_word' id='word_1_557' title='bbox 1296 2719 1528 2775; x_wconf 84' lang='lat' dir='ltr'><em>inquinato,</em></span> <span class='ocrx_word' id='word_1_558' title='bbox 1552 2720 1597 2761; x_wconf 82' lang='lat' dir='ltr'><em>in</em></span> <span class='ocrx_word' id='word_1_559' title='bbox 1615 2727 1815 2761; x_wconf 87' lang='lat' dir='ltr'><em>naturam</em></span> <span class='ocrx_word' id='word_1_560' title='bbox 1834 2718 2018 2772; x_wconf 79' lang='lat' dir='ltr'><em>contaqio</em></span> <span class='ocrx_word' id='word_1_561' title='bbox 2035 2717 2170 2771; x_wconf 86' lang='lat' dir='ltr'><em>serpit.</em></span> <span class='ocrx_word' id='word_1_562' title='bbox 2204 2716 2261 2757; x_wconf 70' lang='lat' dir='ltr'><em>Et</em></span> 
     </span>
     <span class='ocr_line' id='line_1_45' title="bbox 315 2775 2261 2834; baseline 0.001 -18"><span class='ocrx_word' id='word_1_563' title='bbox 315 2778 440 2831; x_wconf 76' lang='lat' dir='ltr'><em>paulo</em></span> <span class='ocrx_word' id='word_1_564' title='bbox 473 2780 578 2831; x_wconf 71' lang='lat' dir='ltr'><em>post.</em></span> <span class='ocrx_word' id='word_1_565' title='bbox 614 2780 750 2834; x_wconf 87' lang='lat' dir='ltr'><em>Neque</em></span> <span class='ocrx_word' id='word_1_566' title='bbox 778 2779 952 2820; x_wconf 83' lang='lat' dir='ltr'><em>enimin</em></span> <span class='ocrx_word' id='word_1_567' title='bbox 974 2778 1204 2821; x_wconf 87' lang='lat' dir='ltr'><em>substantia</em></span> <span class='ocrx_word' id='word_1_568' title='bbox 1224 2779 1363 2820; x_wconf 84' lang='lat' dir='ltr'><em>earnis</em></span> <span class='ocrx_word' id='word_1_569' title='bbox 1379 2787 1451 2821; x_wconf 86' lang='lat' dir='ltr'><em>aut</em></span> <span class='ocrx_word' id='word_1_570' title='bbox 1466 2779 1634 2820; x_wconf 77' lang='lat' dir='ltr'><em>(inimae</em></span> <span class='ocrx_word' id='word_1_571' title='bbox 1649 2792 1819 2820; x_wconf 84' lang='lat' dir='ltr'><em>causam</em></span> <span class='ocrx_word' id='word_1_572' title='bbox 1836 2777 1953 2819; x_wconf 81' lang='lat' dir='ltr'><em>habet</em></span> <span class='ocrx_word' id='word_1_573' title='bbox 1970 2777 2173 2831; x_wconf 77' lang='lat' dir='ltr'><em>eontaqio:</em></span> <span class='ocrx_word' id='word_1_574' title='bbox 2190 2775 2261 2817; x_wconf 84' lang='lat' dir='ltr'><em>sed</em></span> 
     </span>
    </p>
   </div>
   <div class='ocr_carea' id='block_1_3' title="bbox 315 2834 2262 2948">
    <p class='ocr_par' dir='ltr' id='par_1_3' title="bbox 315 2834 2262 2948">
     <span class='ocr_line' id='line_1_46' title="bbox 315 2834 2262 2893; baseline -0.001 -17"><span class='ocrx_word' id='word_1_575' title='bbox 315 2837 412 2891; x_wconf 89' lang='lat' dir='ltr'><em>quia</em></span> <span class='ocrx_word' id='word_1_576' title='bbox 445 2837 467 2875; x_wconf 78' lang='lat' dir='ltr'><em>a</em></span> <span class='ocrx_word' id='word_1_577' title='bbox 504 2836 587 2878; x_wconf 88' lang='lat' dir='ltr'><em>Deo</em></span> <span class='ocrx_word' id='word_1_578' title='bbox 622 2838 673 2878; x_wconf 88' lang='lat' dir='ltr'><em>ita</em></span> <span class='ocrx_word' id='word_1_579' title='bbox 702 2838 783 2889; x_wconf 82' lang='lat' dir='ltr'><em>suit</em></span> <span class='ocrx_word' id='word_1_580' title='bbox 805 2838 1060 2890; x_wconf 86' lang='lat' dir='ltr'><em>ordinatum,</em></span> <span class='ocrx_word' id='word_1_581' title='bbox 1087 2846 1129 2880; x_wconf 86' lang='lat' dir='ltr'><em>ut</em></span> <span class='ocrx_word' id='word_1_582' title='bbox 1146 2851 1252 2893; x_wconf 79' lang='lat' dir='ltr'><em>qucte</em></span> <span class='ocrx_word' id='word_1_583' title='bbox 1265 2838 1405 2892; x_wconf 86' lang='lat' dir='ltr'><em>primo</em></span> <span class='ocrx_word' id='word_1_584' title='bbox 1423 2838 1584 2880; x_wconf 78' lang='lat' dir='ltr'><em>homini</em></span> <span class='ocrx_word' id='word_1_585' title='bbox 1600 2838 1711 2879; x_wconf 86' lang='lat' dir='ltr'><em>dona</em></span> <span class='ocrx_word' id='word_1_586' title='bbox 1733 2837 1972 2886; x_wconf 84' lang='lat' dir='ltr'><em>contulerat,</em></span> <span class='ocrx_word' id='word_1_587' title='bbox 1990 2836 2056 2878; x_wconf 89' lang='lat' dir='ltr'><em>ille</em></span> <span class='ocrx_word' id='word_1_588' title='bbox 2077 2843 2162 2877; x_wconf 88' lang='lat' dir='ltr'><em>tam</em></span> <span class='ocrx_word' id='word_1_589' title='bbox 2184 2834 2262 2876; x_wconf 85' lang='lat' dir='ltr'><em>sibi</em></span> 
     </span>
     <span class='ocr_line' id='line_1_47' title="bbox 2131 2906 2256 2948; baseline -0.024 -13"><span class='ocrx_word' id='word_1_590' title='bbox 2131 2906 2256 2948; x_wconf 83' lang='lat' dir='ltr'><em>quam</em></span> 
     </span>
    </p>
   </div>
  </div>
 </body>
</html>
