2399 3084
561 115 716 158 D1sP.
749 115 933 158 XLDE
967 116 1275 160 SABBA'rno
1308 133 1369 161 ΕΤ
1401 119 1630 163 Ε33’1·13.
1977 122 2062 165 323

121 237 337 280 divisione.
371 236 453 279 Sed
489 238 603 279 aliud
640 241 702 280 est
719 239 889 289 creatio,
907 239 1023 280 aliud
1038 241 1206 294 tempus
1229 241 1464 283 creationis.
1499 241 1666 285 Oreatio
1684 243 1941 298 generaliter
1959 244 2063 287 facit

120 295 327 339 rationem
360 296 622 338 obedientiae
645 298 840 338 omnibus
857 297 936 338 Dei
953 298 1185 352 praeceptis
1208 299 1386 348 debitae,
1415 303 1582 355 tempus
1600 302 1823 344 creationis
1842 305 1906 344 est
1926 304 2061 357 speci-

120 355 244 397 aliter
273 355 512 409 exemplum
548 353 758 396 Sabbathi
784 356 1114 398 hebdomadalis.
1149 356 1310 399 XVIII.
1347 361 1413 399 An
1446 360 1660 412 quaelibet
1691 360 1930 414 profanatio
1953 360 2060 403 Sab-

119 413 242 455 bathi
277 413 449 467 capitali
476 414 682 468 supplicio
714 415 936 468 punienda,
961 415 1084 469 juxta
1117 416 1247 458 Eoeosc.
1288 417 1356 458 31.
1388 417 1454 458 15.
1473 419 1503 460 81
1526 419 1594 459 35.
1617 432 1722 460 vers.
1741 419 1781 460 2.
1801 420 1971 463 Numer.
1994 420 2060 462 15.

121 472 188 513 32.
223 473 293 514 33.
327 471 393 512 34.
431 471 551 526 Resp.
589 473 684 527 Neq.
713 472 821 521 Quia
847 472 932 514 Lex
959 473 1154 516 Forensis
1188 473 1373 516 Mosaica
1408 478 1491 529 qua
1523 477 1635 527 talis,
1660 492 1733 519 seu
1750 477 1794 518 in
1810 478 1947 532 specie
1969 480 1998 521 81
2017 478 2061 520 111

119 529 254 571 forma
269 545 353 571 non
373 530 536 585 obligat
553 529 829 584 Respublicas
848 530 1122 583 Christianas,
1139 547 1223 574 non
1244 533 1382 588 magis
1400 548 1526 587 quam
1544 534 1571 576 J
1574 550 1621 576 us
1639 534 1877 577 Romanum
1895 536 2057 592 Anglos

119 592 192 630 aut
229 590 344 644 leges
379 589 640 644 Anglicanae
672 588 903 644 Imperium
933 589 1241 632 Germanicum.
1274 590 1323 632 In
1355 594 1800 646 genere&secundum
1818 595 2059 650 analogiam

118 648 270 689 saltem
306 647 402 688 inde
439 648 639 688 docentur
656 647 947 702 Magistratus,
966 649 1119 691 debitis
1136 649 1280 703 poenis
1298 652 1345 691 ut
1363 651 1534 704 quaevis
1554 652 1718 703 delicta,
1744 653 1803 694 sic
1816 655 1844 695 81
1861 653 2058 707 profana-

116 705 275 747 tionem
307 704 515 746 Sabbathi
547 706 655 747 serio
686 706 716 748 81
752 707 979 760 prudenter
995 711 1197 749 coercere.
1230 708 1342 750 Hinc
1358 708 1481 750 hodie
1499 725 1633 764 poena
1653 714 1716 752 est
1733 711 1958 753 arbitraria
1976 713 2058 754 Me-

118 764 235 806 noch.
270 764 337 806 lib.
380 765 416 805 l.
449 764 537 806 arb.
569 772 723 820 quaest.
758 766 827 807 30.
846 766 973 820 juncea
1000 767 1044 808 L.
1084 768 1159 809 ult.
1202 767 1242 809 C.
1261 767 1310 808 de
1326 768 1469 809 Feriis.
1502 768 1645 822 Atque
1663 769 1766 811 haec
1783 770 2012 811 moderatio
2030 771 2059 813 81

118 821 303 870 ἑπιεὲκεικ,
339 823 509 864 docetur
546 823 710 866 Nehcm.
734 825 798 864 13.
818 837 919 865 verS.
946 825 1012 865 15.
1033 826 1100 866 21.
1133 825 1190 866 Ε1
1207 840 1258 866 ex
1275 825 1354 867 hac
1377 826 1724 868 determinatione
1746 828 1795 870 de
1813 831 1947 882 poena
1964 843 2058 883 pro-

117 874 252 917 fanati
283 879 502 931 Sabbathi,
535 881 712 936 aliisque
731 883 947 936 suppliciis
963 883 1007 923 in
1023 883 1159 925 forma
1180 885 1209 926 81
1231 884 1367 938 specie
1383 883 1495 940 Lege
1511 884 1686 927 Forensi
1707 885 1851 936 Mosis,
1870 889 1943 928 aut
1959 902 2055 941 spe-

117 934 214 975 ciali
232 939 399 980 oraculo
416 939 496 980 Dei
518 939 702 991 sancitis,
720 943 821 994 puto
839 943 983 995 patere
1006 941 1106 995 quid
1132 943 1401 983 statuendum
1418 943 1473 984 sit
1490 943 1538 985 de
1557 944 1751 998 opinione
1771 945 1992 987 Piscatoris
2009 946 2056 988 in

117 992 306 1048 Praesat.
339 998 395 1039 ad
423 999 698 1040 Commentar.
726 999 772 1040 in
793 1000 1028 1051 Leviticum,
1049 1001 1242 1043 Maccovii
1260 1001 1378 1056 [pag.
1405 1001 1539 1056 1259]
1558 1002 1604 1043 in
1628 1002 1800 1058 Colle9i0
1817 1003 1951 1058 dispp.
1976 1006 2060 1058 qua

117 1053 318 1097 statuitur
348 1056 621 1111 Magistratui
648 1056 890 1099 Christiano
923 1059 1147 1100 servandas
1179 1073 1269 1100 esse
1303 1059 1538 1101 sanctiones
1555 1059 1760 1103 Mosaicas
1777 1061 1822 1102 in
1840 1062 2057 1116 suppliciis

117 1110 381 1165 capitalibus.
416 1114 530 1156 XIX.
564 1114 679 1164 Quae
711 1116 819 1157 ratio
846 1116 978 1158 solida
1000 1117 1156 1158 adferri
1177 1117 1325 1171 possit,
1344 1132 1417 1159 cur
1434 1119 1669 1172 exemplum
1690 1119 1990 1174 Apostolorum
2012 1120 2056 1162 in

117 1169 411 1214 observatione
443 1174 604 1227 primae
632 1174 714 1215 diei
751 1174 1023 1216 hebdomadis
1042 1175 1302 1217 Christianas
1319 1191 1462 1218 omnes
1485 1177 1695 1219 Ecclesias
1712 1178 1885 1233 obliget,
1904 1181 1950 1220 ut
1969 1180 1999 1222 &
2014 1178 2058 1220 in

117 1228 318 1272 electione
336 1231 641 1283 Ministroruni,
654 1232 698 1272 in
714 1232 858 1274 ordine
880 1232 1114 1285 Seniorum,
1133 1233 1429 1284 Diaconorum‚
1448 1234 1689 1287 Doctorum,
1709 1237 1775 1279 810.
1788 1237 1817 1278 81
1829 1238 2054 1278 eorundem

117 1289 356 1342 exemplum
392 1290 435 1330 in
470 1289 645 1344 Agapis,
679 1290 831 1332 Osculo
858 1294 1015 1343 sancto,
1045 1291 1315 1341 Diaconissis‚
1333 1293 1600 1335 immersione
1617 1294 1661 1336 in
1682 1294 1914 1349 Baptismo,
1933 1296 2055 1337 modo

115 1343 415 1399 Prophetandi‚
453 1349 488 1389 1.
511 1349 695 1390 Corinth.
718 1350 784 1390 14.
816 1364 899 1391 non
921 1350 1082 1405 obliget
1100 1353 1119 1392 i>
1153 1352 1271 1406 Hesp.
1295 1350 1384 1393 Nos
1405 1354 1604 1405 putamus
1621 1353 1730 1395 113110
1747 1368 1836 1395 0330
1858 1353 2054 1395 differen-

115 1402 232 1456 tiam,
266 1407 375 1460 quod
398 1407 500 1448 haec
516 1422 597 1448 non
616 1407 833 1461 quibusvis
850 1407 1064 1460 Ecclesiis,
1087 1410 1159 1450 sed
1179 1409 1247 1450 his
1264 1412 1337 1450 aut
1353 1410 1440 1450 illis
1466 1410 1543 1451 sub
1563 1410 1706 1463 Cruce,
1744 1412 1819 1453 illo
1851 1414 2054 1466 tempore,

115 1461 193 1502 tali
222 1463 265 1504 in
299 1464 446 1517 Gente,
474 1465 504 1507 81
536 1466 625 1507 1000
643 1466 720 1506 1311
736 1481 910 1507 numero
928 1466 1182 1509 Auditorum
1200 1468 1468 1510 conveniant:
1487 1468 1562 1510 illa
1579 1472 1676 1511 vero
1693 1470 1886 1512 omnibus
1903 1484 2052 1512 conve-

115 1519 204 1561 nire
237 1524 410 1576 possint.
444 1523 596 1565 Confer
628 1524 785 1567 Politic.
804 1525 1065 1568 Ecclesiascie.
1086 1526 1161 1568 cicc.
1181 1527 1229 1569 de
1254 1527 1492 1569 Canonibus
1509 1528 1538 1569 81
1555 1527 1605 1569 de
1625 1528 1800 1571 Ricibus.

172 1577 217 1623 2.
251 1580 492 1636 Sequuntur
524 1582 791 1624 Problemata
821 1584 958 1639 magis
990 1585 1182 1636 moralia,
1215 1587 1244 1628 81
1275 1600 1395 1627 033113
1419 1585 1711 1628 conscientiae.
1743 1587 1954 1629 Nolumus
1973 1587 2052 1629 hic.

114 1642 302 1692 repetere
334 1655 440 1694 quae
474 1643 498 1682 a
530 1642 726 1683 Perkinso
758 1642 804 1684 in
834 1643 1100 1697 explicatione
1119 1644 1324 1698 Decaloyi,
1356 1645 1385 1686 &
1407 1645 1453 1685 in
1477 1644 1647 1687 Casibus
1662 1645 1938 1696 conscientiae,
1956 1647 2054 1688 Bal-

113 1697 243 1739 duino
274 1698 340 1741 lib.
373 1700 410 1740 2.
435 1713 524 1753 cap.
552 1701 616 1741 13.
635 1700 664 1741 81
682 1700 733 1740 31)
755 1701 917 1742 Amesz'o
939 1702 1121 1743 Casuum
1145 1703 1411 1744 conscientiae
1427 1702 1494 1745 lib.
1513 1703 1554 1744 4.
1576 1717 1664 1757 cap.
1685 1705 1752 1745 33.
1772 1704 1802 1746 81
1835 1705 2052 1747 Willzelmo

119 1756 334 1812 Teellinqio
368 1759 569 1801 Necessar.
602 1759 870 1800 demonstrat.
902 1759 946 1800 in
977 1761 1202 1814 Proleyom.
1226 1759 1266 1802 ἃς
1282 1760 1349 1803 lib.
1369 1761 1408 1801 4.
1427 1774 1515 1815 cap.
1533 1761 1572 1802 4.
1590 1762 1620 1803 81
1643 1761 1710 1803 lib.
1735 1763 1774 1803 5.
1797 1775 1886 1817 cap.
1909 1763 1974 1804 12.
1993 1763 2050 1804 ad

112 1822 312 1869 quartum
344 1817 536 1871 Decaloqi
567 1816 853 1871 Praeceptum,
886 1819 915 1860 81
936 1825 1052 1860 tract.
1076 1819 1279 1872 peculiari
1304 1820 1354 1860 de
1379 1820 1695 1876 sanctificatione
1710 1820 1916 1872 Sabbatlzi,
1937 1821 2048 1862 dicta

111 1876 222 1915 sunt.
256 1873 442 1915 Tantum
474 1875 740 1930 spicilegium
771 1875 851 1917 hoc
867 1877 919 1917 ad
936 1877 1172 1918 uberiorem
1189 1877 1512 1918 declarationem
1531 1878 1790 1932 subjicimus.
1823 1878 2049 1927 Quaeritur

114 1946 225 1987 ergo.
259 1931 291 1973 I.
326 1933 394 1974 An
418 1933 609 1974 homines
627 1933 787 1974 literati
804 1934 1025 1976 ordinariis
1043 1935 1194 1977 studiis
1210 1936 1320 1977 circa
1334 1936 1573 1990 prophanos
1590 1936 1804 1978 Authores
1822 1939 1896 1978 aut
1914 1937 2051 1979 scien-

112 1990 208 2042 tias,
241 1992 271 2033 81
301 1991 552 2046 pragmatici
579 1991 784 2033 Forenses
816 1992 902 2034 suis
933 1993 1115 2046 negotiis
1147 1994 1341 2035 curandis
1372 1994 1510 2048 magis
1527 1994 1751 2048 profanent
1768 1994 2048 2047 Sabbathum‚

113 2063 239 2103 quam
265 2048 502 2104 Agricolae,
532 2049 780 2100 Μο011311101,
810 2052 874 2093 810.
909 2052 1029 2105 Resp.
1048 2052 1131 2108 Aff.
1164 2051 1271 2101 Quia
1295 2052 1480 2106 ipsorum
1498 2066 1647 2106 operae
1665 2056 1851 2094 mentem
1867 2053 2050 2096 hominis

113 2109 137 2148 a
157 2122 297 2158 rerum
320 2108 555 2150 divinarum
577 2109 850 2150 meditatione
881 2110 1048 2164 longius
1077 2111 1310 2152 abducunt:
1329 2125 1424 2152 cum
1441 2113 1586 2152 contra
1602 2111 1873 2153 Mechanicae
1890 2112 2052 2165 aliquid

111 2165 314 2217 lectionis,
339 2167 488 2208 saltem
509 2167 809 2218 meditationis,
839 2168 1078 2219 auditionis,
1107 2168 1355 2220 collationis,
1383 2169 1537 2210 tacitae
1564 2170 1593 2211 81
1611 2169 1825 2211 solitariae
1842 2170 2050 2224 precatio-

112 2224 190 2275 nis,
211 2224 346 2265 sociae
363 2230 436 2266 aut
453 2225 666 2266 solitariae
682 2226 940 2279 psalmodiae
957 2227 1219 2280 permittant.
1250 2226 1478 2281 Rejicimus
1496 2241 1596 2282 ergo
1613 2228 1753 2269 laxam
1771 2227 2048 2283 Theologiam

119 2283 242 2324 Tacen·
258 2282 326 2324 lib.
351 2285 386 2322 4.
407 2297 495 2337 cap.
516 2284 585 2324 24.
619 2284 800 2327 Navarri
817 2285 1005 2326 Manual.
1023 2299 1110 2339 cap.
1134 2286 1198 2326 13.
1217 2299 1261 2327 n.
1287 2286 1353 2326 12.
1388 2284 1578 2339 Cajetani
1597 2287 1648 2327 ad
1666 2287 1733 2326 22.
1758 2300 1826 2340 qu.
1854 2287 1949 2327 122.
1968 2289 2048 2327 art.

112 2341 150 2381 4.
175 2355 282 2394 quae
313 2341 463 2382 statuit
494 2340 708 2383 Advocato
737 2343 899 2384 licitum
931 2358 1019 2384 esse
1035 2344 1197 2385 studere
1213 2357 1338 2398 super
1353 2344 1452 2394 lites,
1476 2341 1517 2385 θί
1533 2357 1638 2399 quae
1653 2345 1786 2386 studet
1809 2345 1992 2395 scribere,
2010 2344 2051 2387 ἃ·

111 2399 344 2453 informare
365 2400 389 2453 j
394 2399 528 2443 udices
557 2401 720 2454 scripto.
753 2400 977 2442 Praeterea
995 2401 1159 2443 licitum
1176 2417 1265 2443 esse
1281 2403 1471 2448 studere‚·
1494 2403 1619 2456 leyere
1633 2402 1804 2457 publice,
1823 2403 2048 2458 disputare.

115 2456 156 2498 ‹9c
185 2457 351 2513 quidem
380 2465 549 2512 propter
577 2459 810 2512 pecuniam.
844 2458 1069 2501 Rationem
1100 2460 1208 2502 hanc
1239 2460 1375 2501 addit:
1409 2459 1510 2515 qnia
1541 2460 1736 2503 istasunt
1757 2462 2045 2516 animiopcra.

110 2515 243 2557 Paulo
270 2518 364 2569 post
388 2516 469 2556 sibi
490 2517 775 2558 contradicens
790 2531 886 2572 paq.
905 2518 1002 2558 636.
1020 2518 1182 2572 peccati
1204 2520 1233 2560 81
1250 2518 1418 2572 quidem
1435 2518 1577 2572 gravis
1595 2519 1737 2574 arguit
1754 2518 1956 2561 Notarios
1974 2519 2048 2574 qui

113 2574 315 2623 scribunt,
338 2576 410 2614 aut
436 2574 736 2626 transcribunt,
760 2578 833 2616 aut
854 2576 1032 2629 implent
1053 2576 1234 2626 chartas,
1254 2590 1356 2629 quas
1374 2575 1547 2629 reliquis
1564 2576 1711 2618 diebus
1729 2577 1773 2618 in
1790 2577 1909 2619 brevi
1930 2580 2048 2618 nota-

112 2634 225 2674 runt.
257 2631 409 2673 Confer
431 2645 537 2684 quae
559 2647 684 2685 supra
701 2648 752 2673 ex
771 2633 940 2689 Rebuffo
961 2634 1010 2675 de
1023 2635 1246 2689 privileyiis
1262 2635 1554 2677 Studiosormn
1572 2635 1846 2677 enotavimus.
1890 2635 1946 2677 ΙΙ.
1980 2635 2049 2677 An

113 2690 248 2744 magis
280 2689 526 2743 profanetur
547 2689 811 2732 Sabbathum
834 2691 1043 2733 exercitiis
1070 2694 1100 2734 81
1116 2693 1457 2740 recreationibus,
1476 2692 1562 2733 sive
1580 2693 1724 2744 animi,
1743 2693 1829 2735 sive
1847 2694 2047 2748 corporis,

110 2747 318 2801 imprimis
349 2748 658 2799 saltationibus,
691 2749 852 2790 lusibus
884 2750 1014 2800 aleae,
1047 2753 1120 2792 aut
1151 2750 1246 2792 aliis
1264 2751 1372 2792 ludis
1390 2750 1708 2806 quibuscunque
1725 2752 1849 2794 sortis
1867 2752 2045 2794 abusum

111 2805 426 2860 implicantibus
459 2806 526 2860 (de
554 2806 705 2859 quibus
727 2807 831 2848 alibi
847 2808 1106 2861 disquiritur,
1125 2822 1179 2849 an
1201 2809 1286 2850 sint
1302 2808 1451 2863 licita),
1474 2822 1528 2849 an
1548 2812 1647 2852 vero
1667 2810 1890 2853 ordinariis
1906 2810 2044 2865 operi-

1968 2868 2048 2909 bus
