2399 3084
311 100 1049 145 D1SP.VII.PR0131.EMATUM
1080 113 1143 140 Dr.
1175 96 1412 140 Mnnrro
1445 95 1698 139 C111i1sr1
1731 95 1872 139 PARS
1903 96 1980 139 IV.
2029 96 2111 138 205

171 226 361 268 Christus
377 225 612 267 intercedit.
629 223 745 279 Ergo
757 222 894 276 Major
907 222 1123 277 probatur,
1141 221 1241 276 quia
1257 222 1389 274 aeque
1407 221 1491 261 late
1509 222 1656 274 patent
1682 220 1840 262 oblatio
1857 220 2072 263 meritoria
2084 222 2113 263 81

171 285 414 326 intercessio
433 285 470 325 1.
483 283 664 325 Jolzann.
684 284 722 324 2.
741 296 844 324 vers.
865 283 900 322 1.
922 282 961 322 2.
981 281 1120 322 collat.
1144 295 1238 321 cum
1257 279 1294 320 1.
1325 280 1498 321 Timolh.
1518 280 1556 320 2.
1577 279 1614 319 5.
1632 280 1771 321 Minor
1782 279 1996 333 probatur,
2015 280 2114 334 quia

170 357 290 384 omne
307 344 461 384 donum
478 343 507 384 81
524 342 681 382 bonum
703 341 896 395 precibus
913 339 1067 380 nostris
1086 338 1268 392 petimus
1279 339 1307 380 81
1319 340 1460 391 petere
1479 337 1676 378 debemus
1693 338 1736 378 in
1747 338 1927 387 Christo,
1943 341 2114 392 propter

171 401 399 453 Christum,
432 401 475 441 in
507 400 676 441 nomine
709 398 880 449 Christi,
913 412 988 451 per
1018 396 1359 437 intercessionem
1384 397 1413 438 81
1444 396 1738 437 mediationem
1765 396 1935 438 Christi.
1958 398 2114 449 Quarw

172 460 386 514 probatur,
421 459 519 512 quia
551 458 741 500 Ecclesia
773 459 865 498 orat
891 470 966 510 pro
993 455 1262 496 conversione
1284 454 1531 504 infidelium,
1551 455 1579 495 81
1597 455 1909 495 confirmatione
1929 455 2111 495 fidelium

172 518 253 574 (uti
284 519 373 573 Auq
381 518 545 560 ustinus
561 516 724 571 gratiae
747 515 1040 556 necessitatem
1062 513 1114 554 ab
1133 513 1328 554 universa
1344 512 1532 553 Ecclesia
1554 512 1754 554 creditam
1771 513 1849 554 hoc
1866 516 2115 567 argumento

170 576 350 630 probat,)
368 577 503 617 danda
521 576 607 617 scil.
628 577 651 616 a
668 574 757 615 Deo
773 588 847 628 per
865 575 893 615 81
910 575 1081 626 propter
1098 571 1313 613 Christum
1330 571 1475 624 Eplzes.
1499 572 1534 611 1.
1557 571 1704 624 Philip.
1726 572 1762 612 1.
1781 586 1880 613 vers.
1901 572 1940 613 2.
1960 572 1999 612 3.
2018 572 2058 613 4.
2075 572 2115 613 5.

171 635 210 676 6.
244 635 360 690 Ergo
397 634 602 684 Christus,
635 633 910 687 quodcunque
941 630 1119 672 istorum
1141 630 1277 680 datur,
1295 629 1470 670 meritus
1488 632 1564 670 est.
1587 630 1738 682 Quinto
1760 630 1975 684 probatur.
2009 629 2116 678 Quia

170 694 314 735 fideles
331 708 473 735 omnes
492 707 566 747 pro
591 694 837 746 quacunque
855 692 988 744 parte,
1008 689 1155 744 gradu,
1176 691 1249 729 aut
1270 690 1495 738 momento,
1514 687 1635 729 istius
1654 689 1817 742 gratiae
1836 691 1859 729 a
1879 688 1964 729 Deo
1982 689 2116 743 gratis

171 752 253 793 sibi
276 755 349 793 aut
366 752 460 793 aliis
478 751 655 793 collatae
678 749 838 804 gratias
856 750 1002 803 agunt,
1022 749 1215 801 respectu
1233 746 1389 788 Christi
1406 745 1664 796 Mediatoris‚
1683 749 1854 800 propter
1871 762 1995 800 quem
2013 747 2117 787 illud

170 811 355 865 gratiose
377 809 613 852 contulerit.
637 808 782 862 Ephes.
804 807 840 848 1.
865 808 904 848 3.
929 808 994 849 810.
1012 807 1199 861 Denique
1214 805 1372 846 accedit
1389 819 1625 847 consensus.
1651 804 1758 846 Vide
1776 807 1805 847 &
1827 805 1969 846 confer
1985 806 2115 848 Ama-

170 870 350 924 9om'scas
383 867 766 911 Remonstrancium
803 866 858 907 acl
891 866 929 906 2.
948 865 1189 915 articulum,
1207 863 1416 917 imprimis
1435 864 1653 906 Amesium
1671 864 1717 905 in
1733 865 1979 919 refutatione
1996 865 2115 906 Ami-

169 928 462 983 synodacium;
479 941 529 968 ex
545 925 776 967 Pontificiis
794 925 1006 966 Benacum
1019 931 1128 977 parc.
1147 924 1185 964 3.
1212 923 1343 964 Theoi.
1361 922 1556 964 Sclwlast.
1577 930 1690 963 tract.
1714 923 1750 963 1.
1769 936 1857 977 cap.
1880 922 1947 964 14.
1961 930 2115 978 quaest.

175 988 243 1027 11.
259 985 313 1027 V.
334 986 470 1028 Probi.
504 984 573 1026 An
591 984 733 1026 electis
751 983 1003 1037 quibusdam
1022 982 1140 1037 [pag.
1166 981 1274 1036 270]
1292 980 1495 1021 meruerit
1516 995 1600 1021 non
1619 983 1782 1022 tantum
1801 981 1985 1035 gratiam
2002 981 2116 1022 salu-

171 1047 320 1095 tarem,
353 1045 425 1085 sed
456 1045 486 1086 81
518 1043 696 1098 gradum
727 1041 891 1096 gratiae
924 1055 971 1082 ac
1001 1040 1171 1081 modum
1188 1039 1456 1094 peculiarem,
1477 1053 1601 1092 quem
1618 1039 1730 1080 nacti
1753 1042 1851 1080 sunt
1868 1054 1994 1093 supra
2012 1039 2116 1080 alios

172 1103 315 1144 fideles
329 1105 348 1144 P
366 1103 485 1157 Resp.
504 1103 587 1158 ΑΗ.
607 1102 715 1154 Quia
732 1100 845 1141 valet
861 1099 930 1140 1110
951 1099 1184 1140 communis
1201 1098 1349 1153 regula
1370 1098 1408 1138 1.
1433 1097 1616 1139 Corinth.
1635 1099 1674 1138 4.
1698 1112 1801 1139 vers.
1823 1098 1861 1139 7.
1881 1098 1996 1140 Psal.
2025 1099 2117 1139 115.

175 1163 212 1202 1.
247 1162 423 1204 Roman.
444 1162 510 1202 12.
531 1162 571 1202 3.
594 1160 734 1202 Jacobz·
760 1159 794 1199 1.
813 1172 916 1200 vers.
937 1157 1003 1198 16.
1025 1157 1091 1198 17.
1125 1156 1245 1205 Quod
1266 1156 1301 1197 si
1319 1170 1419 1210 ergo
1443 1155 1600 1197 bonum
1618 1156 1647 1197 81
1670 1156 1824 1197 (101111111
1843 1157 2117 1210 quodcunque

173 1220 335 1275 gratiae
366 1219 446 1260 Dei
478 1221 694 1272 acceptum
726 1217 946 1259 ferendum
984 1218 1060 1265 est,
1096 1215 1286 1269 sequitur
1308 1215 1436 1255 etiam
1457 1214 1748 1255 excellentiam
1766 1216 1795 1257 81
1813 1215 2115 1255 abundantiam

175 1279 377 1320 donorum
395 1280 419 1319 a
439 1277 519 1318 Dei
540 1277 674 1318 libera
691 1276 830 1331 gratia
846 1275 920 1316 uni
937 1274 1073 1329 magis
1091 1273 1284 1324 conferri,
1303 1288 1430 1327 quam
1449 1273 1584 1314 alteri.
1619 1272 1752 1327 Atqui
1769 1273 1846 1314 hoc
1865 1287 1947 1313 non
1965 1273 2020 1314 sit
2038 1273 2118 1314 nisi

171 1337 215 1377 in
233 1336 400 1378 Christo
417 1338 446 1379 81
464 1338 634 1390 propter
651 1334 866 1376 Christum
882 1333 1060 1374 Jolzaim.
1083 1333 1120 1373 1.
1142 1332 1210 1374 16.
1233 1331 1383 1375 coloss.
1404 1332 1444 1378 3,
1466 1332 1534 1372 11.
1551 1331 1699 1385 Ephes.
1721 1332 1758 1373 1.
1777 1332 1816 1372 3.
1839 1330 1879 1373 ἃ·
1896 1331 1935 1372 4.
1953 1345 2057 1372 vers.
2079 1332 2117 1372 7.

174 1396 348 1438 Roman.
384 1396 423 1436 8.
448 1395 516 1435 32.
549 1394 678 1448 Ergo.
718 1394 757 1434 2.
797 1392 905 1444 Quia
936 1392 1172 1445 adaequata
1207 1393 1305 1431 sunt
1328 1390 1599 1443 &reciproca,
1618 1390 1767 1431 salutis
1786 1390 2028 1443 impetratio
2045 1404 2120 1443 per

176 1453 390 1495 Christum
422 1455 451 1496 81
483 1453 667 1507 ejusdem
685 1450 910 1506 applicatio
929 1465 1001 1491 seu
1019 1449 1211 1491 collatio:
1235 1449 1298 1490 uti
1316 1451 1339 1490 a
1361 1449 1515 1490 nostris
1536 1449 1729 1500 Gomaro,
1748 1449 1921 1498 Amesio,
1941 1448 2118 1501 aliisque

173 1512 422 1566 peremtorie
444 1514 588 1553 contra
605 1510 953 1552 Remonstrantes
971 1508 1230 1562 disputatum
1254 1510 1331 1549 est.
1363 1507 1391 1549 J
1394 1523 1462 1549 am
1480 1509 1576 1548 vere
1594 1506 1873 1561 inaequaliter
1889 1508 1918 1548 &
1936 1506 2119 1561 gratiam

175 1572 203 1612 81
211 1571 391 1625 gloriam
401 1570 547 1611 donari
559 1584 632 1611 seu
648 1567 919 1623 applicari,in
931 1566 1119 1608 confesso
1143 1569 1205 1607 est
1226 1581 1277 1607 ex
1299 1566 1525 1609 1.Corimh.
1552 1570 1588 1609 7.
1605 1579 1696 1607 vers
1717 1566 1755 1606 7.
1773 1579 1867 1606 cum
1886 1565 2027 1606 Manli.
2049 1565 2116 1606 19.

181 1629 247 1669 12.
282 1630 312 1671 81
350 1630 389 1670 1.
429 1628 610 1670 Corinth.
638 1629 704 1668 12.
727 1641 831 1668 vers.
858 1626 924 1667 11.
945 1626 1091 1680 Ephes.
1116 1626 1155 1667 4.
1182 1626 1219 1666 7.
1254 1624 1375 1666 Unde
1392 1625 1583 1679 sequitur
1605 1639 1698 1665 eam
1720 1623 1999 1677 inaequaliter
2014 1623 2113 1664 111110

176 1689 249 1727 aut
279 1687 357 1738 illi,
389 1687 541 1740 quibus
574 1686 822 1740 applicatur,
859 1685 1132 1738 impetratam
1164 1698 1267 1724 esse.
1302 1684 1341 1724 3.
1364 1684 1486 1736 Quia,
1508 1698 1559 1724 ex
1578 1682 1775 1737 analogia
1792 1696 2017 1737 regnorum
2040 1696 2114 1722 seu

175 1760 347 1799 operum
364 1748 538 1785 naturae
556 1746 585 1786 &
603 1744 779 1799 gratiae,
797 1743 908 1783 idem
925 1742 1068 1796 colligi
1084 1744 1233 1795 potest.
1253 1741 1313 1783 Ut
1331 1742 1442 1782 enim
1458 1741 1519 1782 ibi
1537 1740 1650 1782 Deus
1666 1755 1750 1781 non
1768 1743 1909 1781 tamen
1929 1740 2118 1794 providet

176 1805 206 1846 81
238 1805 434 1857 procurat
470 1806 544 1844 sua
562 1802 866 1857 gubernatione
888 1801 1000 1854 ipsas
1018 1815 1097 1850 103,
1118 1815 1263 1841 causas
1282 1800 1466 1850 effectus,
1487 1799 1558 1840 sed
1576 1800 1605 1841 81
1622 1799 1822 1852 cujusque
1840 1799 1901 1839 rei
1918 1813 2068 1839 causae
2087 1799 2116 1840 81

177 1862 346 1903 effectus
363 1862 541 1916 gradum
559 1862 588 1903 81
603 1861 785 1911 modum,
804 1859 889 1900 sive
907 1858 1221 1912 contingentem
1237 1858 1324 1899 sive
1341 1857 1634 1899 necessariumz
1654 1857 1712 1898 sic
1731 1857 1859 1897 etiam
1874 1856 1920 1898 in
1936 1871 2067 1911 regno
2084 1858 2113 1898 81

175 1919 371 1974 operibus
388 1920 549 1974 grat-iae
567 1919 776 1960 salutaris,
812 1917 1001 1959 Becanus
1024 1924 1140 1958 tract.
1167 1915 1208 1958 a·
1223 1930 1310 1971 cap.
1329 1917 1392 1957 cic.
1416 1923 1570 1971 quaest.
1593 1915 1658 1956 11.
1678 1916 1714 1968 ξ.
1742 1916 1807 1956 13.
1827 1916 1958 1961 docet,
1976 1915 2114 1956 homi-

176 1979 300 2020 nibus
332 1978 611 2031 inaequaliter
643 1979 690 2032 (81
721 1976 935 2018 extensive
967 1975 997 2016 81
1028 1975 1235 2016 intensive
1267 1974 1471 2028 applicari
1493 1973 1644 2015 merita
1666 1973 1846 2023 Christi3
1871 1974 1942 2014 sed
1959 1973 2046 2014 illic
2063 1988 2115 2014 ne

175 2040 251 2085 ’γρῦ
268 2039 495 2091 comparet,
514 2036 623 2089 quod
645 2035 835 2077 Christus
858 2033 1137 2087 inaequaliter
1153 2033 1327 2074 meritus
1345 2033 1412 2074 sit.
1432 2033 1547 2074 Idem
1563 2039 1717 2088 quaest.
1739 2032 1805 2072 12.
1824 2032 1973 2073 statuit
1990 2046 2116 2085 opera

173 2096 382 2149 justorum
414 2095 569 2135 habere
606 2094 884 2135 sufficientem
915 2092 1167 2146 dignitatem
1197 2093 1227 2134 81
1259 2092 1443 2132 valorem
1460 2093 1652 2145 respectu
1670 2090 1888 2145 augmenti
1904 2090 2067 2145 gratiae
2086 2091 2116 2132 &

178 2154 351 2208 gloriae.
390 2153 495 2195 Ibid.
514 2155 655 2194 tamen
672 2153 707 2207 ξ.
728 2153 766 2193 5.
785 2151 975 2201 labascit,
994 2151 1023 2192 81
1045 2151 1098 2190 ab
1117 2150 1350 2191 Autoribus
1372 2150 1623 2203 quibusdam
1644 2150 1754 2203 apud
1779 2149 2034 2190 Zwarezium
2057 2149 2116 2190 ad

184 2213 247 2262 ,3.
266 2213 370 2266 disp.
392 2212 460 2252 41.
483 2219 573 2253 sect.
593 2212 633 2252 3.
651 2210 802 2261 citatis,
821 2209 1099 2264 probabiliter
1116 2210 1145 2251 81
1162 2208 1229 2262 pie
1248 2211 1454 2250 assertum
1472 2208 1642 2256 fatetur,
1662 2210 1935 2259 augmentum
1952 2207 2116 2261 gratiae

184 2271 319 2324 „quod
350 2270 472 2310 datur
503 2269 623 2310 nobis
654 2271 825 2323 propter
856 2269 1048 2309 nostrum
1079 2267 1291 2318 meritum,
1324 2281 1487 2320 semper
1503 2266 1637 2320 majus
1660 2266 1762 2316 dari,
1785 2279 1911 2319 quam
1928 2266 1984 2307 sit
2001 2265 2116 2306 valor

187 2329 343 2379 „nostri
375 2328 538 2369 meriti:
574 2342 789 2369 excessum
820 2327 943 2367 illum
975 2326 1193 2380 provenire
1210 2325 1451 2366 immediate
1468 2339 1517 2365 ex
1534 2324 1696 2366 meritis
1714 2323 1886 2375 Christi,
1906 2326 2113 2377 quatenus

185 2402 302 2437 „cum
333 2389 475 2427 nostro
510 2386 660 2428 merito
697 2386 1021 2440 conjunguntur.
1054 2383 1171 2425 Idem
1208 2383 1475 2438 paragrapho
1512 2382 1778 2436 praecedenti
1815 2382 2003 2423 concedit
2035 2381 2115 2422 dici

185 2459 349 2499 ,11033οῑ
382 2447 525 2486 nostra
556 2445 707 2485 merita
728 2458 811 2485 11011
833 2458 922 2484 0330
940 2441 1207 2493 sufficientia,
1225 2442 1306 2483 nisi
1323 2442 1631 2495 conjungantur
1653 2455 1747 2481 cum
1763 2440 1924 2481 meritis
1943 2439 2115 2490 Christi,

186 2504 251 2554 „id
282 2507 358 2554 est,
391 2505 534 2545 nostra
556 2503 706 2544 merita
728 2516 810 2543 non
828 2516 949 2555 posse
970 2500 1159 2555 obligare
1175 2500 1314 2541 Deum
1331 2500 1412 2540 nisi
1429 2499 1710 2540 intercedente
1726 2498 2003 2552 promissione
2021 2497 2115 2549 Dei,

186 2563 259 2612 „de
290 2562 482 2604 facienda
513 2561 803 2610 retributione,
827 2574 953 2613 quam
970 2559 1290 2613 promissionem
1307 2558 1461 2599 meruit
1477 2557 1597 2598 nobis
1616 2556 1821 2598 Christus.
1854 2556 1944 2598 Nec
1960 2556 2116 2597 mirum

186 2620 347 2674 „ipsum
377 2621 599 2661 fluctuare:
638 2619 752 2660 aliud
787 2619 898 2659 enim
930 2632 1012 2658 non
1030 2620 1168 2670 potest
1186 2632 1236 2658 ex
1252 2616 1360 2657 falsa
1377 2617 1406 2658 81
1423 2615 1793 2669 Semi-Pelagiana
1809 2615 2049 2669 hypothesi,
2067 2615 2116 2655 de

181 2677 347 2720 Christo
379 2693 454 2733 pro
477 2678 670 2719 omnibus
687 2679 716 2719 81
734 2677 915 2731 singulis
932 2678 1109 2724 mortuo,
1129 2675 1261 2728 deque
1279 2674 1418 2729 gratia
1435 2672 1669 2714 Servatoris
1691 2673 1931 2724 universali,
1949 2673 2114 2714 indiffe-

180 2739 320 2778 renter
351 2738 544 2778 omnibus
561 2738 591 2778 &
612 2735 790 2790 singulis
808 2733 1065 2788 applicabili.
1097 2732 1188 2774 Nec
1206 2733 1400 2786 expedire
1418 2746 1461 2772 se
1478 2734 1667 2785 possunt,
1690 2732 1762 2785 qui
1779 2734 1943 2773 caetera
1960 2730 2115 2772 Ortho-

180 2795 276 2835 doxi
306 2798 588 2836 commentum
619 2794 782 2849 gratiae
809 2791 1056 2834 universalis
1074 2805 1319 2845 quocunque
1336 2791 1485 2842 colore,
1503 2789 1532 2831 81
1549 2790 1686 2844 figura
1703 2790 1954 2832 obtrudunt:
1973 2804 2116 2844 quam·

2054 2862 2117 2889 vls
