<?xml version="1.0" encoding="UTF-8"?>
<!DOCTYPE html PUBLIC "-//W3C//DTD XHTML 1.0 Transitional//EN"
    "http://www.w3.org/TR/xhtml1/DTD/xhtml1-transitional.dtd">
<html xmlns="http://www.w3.org/1999/xhtml" xml:lang="en" lang="en">
 <head>
  <title>
</title>
<meta http-equiv="Content-Type" content="text/html;charset=utf-8" />
  <meta name='ocr-system' content='tesseract 3.04.00' />
  <meta name='ocr-capabilities' content='ocr_page ocr_carea ocr_par ocr_line ocrx_word'/>
</head>
<body>
  <div class='ocr_page' id='page_1' title='image "./gysbertivoetiise00voet/gysbertivoetiise00voet_0240.png"; bbox 0 0 2399 3084; ppageno 0'>
   <div class='ocr_carea' id='block_1_1' title="bbox 319 137 2130 183">
    <p class='ocr_par' dir='ltr' id='par_1_1' title="bbox 319 137 2130 183">
     <span class='ocr_line' id='line_1_1' title="bbox 319 137 2130 183; baseline -0.001 -1"><span class='ocrx_word' id='word_1_1' title='bbox 319 142 401 181; x_wconf 89' lang='grc'>212</span> <span class='ocrx_word' id='word_1_2' title='bbox 445 141 586 183; x_wconf 81' lang='lat' dir='ltr'>Disr.</span> <span class='ocrx_word' id='word_1_3' title='bbox 621 138 738 181; x_wconf 89' lang='lat' dir='ltr'>VII.</span> <span class='ocrx_word' id='word_1_4' title='bbox 773 138 1213 179; x_wconf 66' lang='lat' dir='ltr'>PacatanA&#39;run</span> <span class='ocrx_word' id='word_1_5' title='bbox 1244 153 1307 179; x_wconf 82' lang='lat' dir='ltr'>DE</span> <span class='ocrx_word' id='word_1_6' title='bbox 1339 137 1574 181; x_wconf 72' lang='lat' dir='ltr'>MERI&#39;ro</span> <span class='ocrx_word' id='word_1_7' title='bbox 1608 139 1860 180; x_wconf 78' lang='lat' dir='ltr'>CHRISTI</span> <span class='ocrx_word' id='word_1_8' title='bbox 1892 138 2045 182; x_wconf 71' lang='lat' dir='ltr'>PARS</span> <span class='ocrx_word' id='word_1_9' title='bbox 2077 139 2130 182; x_wconf 91' lang='lat' dir='ltr'>V.</span> 
     </span>
    </p>
   </div>
   <div class='ocr_carea' id='block_1_2' title="bbox 313 260 2261 1542">
    <p class='ocr_par' dir='ltr' id='par_1_2' title="bbox 313 260 2261 1542">
     <span class='ocr_line' id='line_1_2' title="bbox 318 260 2256 318; baseline 0.002 -17"><span class='ocrx_word' id='word_1_10' title='bbox 318 264 438 301; x_wconf 89' lang='lat' dir='ltr'>tenus</span> <span class='ocrx_word' id='word_1_11' title='bbox 454 260 541 300; x_wconf 89' lang='lat' dir='ltr'>scil.</span> <span class='ocrx_word' id='word_1_12' title='bbox 562 260 658 302; x_wconf 89' lang='grc'><strong>111110</strong></span> <span class='ocrx_word' id='word_1_13' title='bbox 676 276 770 303; x_wconf 87' lang='lat' dir='ltr'>cum</span> <span class='ocrx_word' id='word_1_14' title='bbox 787 262 973 303; x_wconf 88' lang='lat' dir='ltr'>humana</span> <span class='ocrx_word' id='word_1_15' title='bbox 991 264 1142 303; x_wconf 86' lang='lat' dir='ltr'>natura</span> <span class='ocrx_word' id='word_1_16' title='bbox 1166 262 1327 316; x_wconf 85' lang='lat' dir='ltr'>aliquid</span> <span class='ocrx_word' id='word_1_17' title='bbox 1351 261 1500 302; x_wconf 89' lang='lat' dir='ltr'>addere</span> <span class='ocrx_word' id='word_1_18' title='bbox 1519 263 1752 317; x_wconf 87' lang='lat' dir='ltr'>concipitur</span> <span class='ocrx_word' id='word_1_19' title='bbox 1769 279 1895 318; x_wconf 90' lang='lat' dir='ltr'>supra</span> <span class='ocrx_word' id='word_1_20' title='bbox 1912 264 2113 318; x_wconf 87' lang='lat' dir='ltr'>partiales</span> <span class='ocrx_word' id='word_1_21' title='bbox 2136 264 2256 305; x_wconf 88' lang='lat' dir='ltr'>unio-</span> 
     </span>
     <span class='ocr_line' id='line_1_3' title="bbox 320 317 2259 378; baseline 0.003 -19"><span class='ocrx_word' id='word_1_22' title='bbox 320 333 402 359; x_wconf 79' lang='lat' dir='ltr'>nes.</span> <span class='ocrx_word' id='word_1_23' title='bbox 437 317 544 358; x_wconf 87' lang='lat' dir='ltr'>Vide</span> <span class='ocrx_word' id='word_1_24' title='bbox 571 320 600 360; x_wconf 82' lang='lat'>&amp;</span> <span class='ocrx_word' id='word_1_25' title='bbox 638 320 780 361; x_wconf 86' lang='lat' dir='ltr'>confer</span> <span class='ocrx_word' id='word_1_26' title='bbox 814 321 862 361; x_wconf 90' lang='lat' dir='ltr'>de</span> <span class='ocrx_word' id='word_1_27' title='bbox 895 320 1045 361; x_wconf 87' lang='lat' dir='ltr'>merito</span> <span class='ocrx_word' id='word_1_28' title='bbox 1078 320 1379 361; x_wconf 70' lang='lat' dir='ltr'>incarnationis</span> <span class='ocrx_word' id='word_1_29' title='bbox 1397 320 1657 374; x_wconf 86' lang='lat' dir='ltr'>disputantes</span> <span class='ocrx_word' id='word_1_30' title='bbox 1681 322 1948 364; x_wconf 73' lang='lat' dir='ltr'>Scholasticos</span> <span class='ocrx_word' id='word_1_31' title='bbox 1970 323 2026 364; x_wconf 72' lang='lat' dir='ltr'>ad</span> <span class='ocrx_word' id='word_1_32' title='bbox 2043 323 2081 364; x_wconf 92' lang='grc'>3.</span> <span class='ocrx_word' id='word_1_33' title='bbox 2101 331 2259 378; x_wconf 75' lang='lat' dir='ltr'>quaest.</span> 
     </span>
     <span class='ocr_line' id='line_1_4' title="bbox 318 376 2259 432; baseline 0.003 -16"><span class='ocrx_word' id='word_1_34' title='bbox 318 378 356 416; x_wconf 89' lang='grc'>2.</span> <span class='ocrx_word' id='word_1_35' title='bbox 404 376 518 417; x_wconf 74' lang='lat' dir='ltr'>(trle‘c.</span> <span class='ocrx_word' id='word_1_36' title='bbox 555 377 635 426; x_wconf 78' lang='lat'>11.;</span> <span class='ocrx_word' id='word_1_37' title='bbox 669 378 876 432; x_wconf 77' lang='lat' dir='ltr'>imprimis</span> <span class='ocrx_word' id='word_1_38' title='bbox 913 379 1025 419; x_wconf 91' lang='lat' dir='ltr'>inter</span> <span class='ocrx_word' id='word_1_39' title='bbox 1058 379 1309 420; x_wconf 71' lang='lat' dir='ltr'>recentiores</span> <span class='ocrx_word' id='word_1_40' title='bbox 1347 379 1621 430; x_wconf 69' lang='lat' dir='ltr'>Zwarezium,</span> <span class='ocrx_word' id='word_1_41' title='bbox 1665 380 1737 421; x_wconf 91' lang='lat' dir='ltr'>ubi</span> <span class='ocrx_word' id='word_1_42' title='bbox 1775 381 1848 421; x_wconf 90' lang='lat' dir='ltr'>alii</span> <span class='ocrx_word' id='word_1_43' title='bbox 1885 381 2080 422; x_wconf 88' lang='lat' dir='ltr'>citantur.</span> <span class='ocrx_word' id='word_1_44' title='bbox 2115 381 2172 422; x_wconf 86' lang='lat' dir='ltr'>Et</span> <span class='ocrx_word' id='word_1_45' title='bbox 2211 382 2259 422; x_wconf 84' lang='lat' dir='ltr'>de</span> 
     </span>
     <span class='ocr_line' id='line_1_5' title="bbox 317 434 2256 492; baseline 0.003 -18"><span class='ocrx_word' id='word_1_46' title='bbox 317 435 391 475; x_wconf 89' lang='lat' dir='ltr'>hoc</span> <span class='ocrx_word' id='word_1_47' title='bbox 424 434 684 487; x_wconf 75' lang='lat' dir='ltr'>problemate</span> <span class='ocrx_word' id='word_1_48' title='bbox 719 438 925 478; x_wconf 68' lang='lat' dir='ltr'>Romnum</span> <span class='ocrx_word' id='word_1_49' title='bbox 956 451 1042 491; x_wconf 77' lang='lat' dir='ltr'>cap.</span> <span class='ocrx_word' id='word_1_50' title='bbox 1063 438 1124 479; x_wconf 75' lang='lat' dir='ltr'>cit.</span> <span class='ocrx_word' id='word_1_51' title='bbox 1144 445 1297 492; x_wconf 74' lang='lat' dir='ltr'>quaest.</span> <span class='ocrx_word' id='word_1_52' title='bbox 1318 437 1357 476; x_wconf 84' lang='grc'>6.</span> <span class='ocrx_word' id='word_1_53' title='bbox 1377 435 1510 477; x_wconf 85' lang='lat' dir='ltr'>XXX.</span> <span class='ocrx_word' id='word_1_54' title='bbox 1539 438 1676 479; x_wconf 74' lang='lat' dir='ltr'>Probl.</span> <span class='ocrx_word' id='word_1_55' title='bbox 1698 438 1764 479; x_wconf 90' lang='lat' dir='ltr'>An</span> <span class='ocrx_word' id='word_1_56' title='bbox 1782 439 1987 480; x_wconf 84' lang='lat' dir='ltr'>visionem</span> <span class='ocrx_word' id='word_1_57' title='bbox 2005 439 2256 490; x_wconf 87' lang='lat' dir='ltr'>beatificam,</span> 
     </span>
     <span class='ocr_line' id='line_1_6' title="bbox 315 494 2258 552; baseline 0.003 -19"><span class='ocrx_word' id='word_1_58' title='bbox 315 507 441 546; x_wconf 86' lang='lat' dir='ltr'>quam</span> <span class='ocrx_word' id='word_1_59' title='bbox 459 494 616 547; x_wconf 75' lang='lat' dir='ltr'>accepit</span> <span class='ocrx_word' id='word_1_60' title='bbox 634 495 677 535; x_wconf 90' lang='lat' dir='ltr'>in</span> <span class='ocrx_word' id='word_1_61' title='bbox 696 495 871 536; x_wconf 88' lang='lat' dir='ltr'>instanti</span> <span class='ocrx_word' id='word_1_62' title='bbox 889 495 1089 537; x_wconf 74' lang='lat' dir='ltr'>unionis?</span> <span class='ocrx_word' id='word_1_63' title='bbox 1111 497 1228 550; x_wconf 80' lang='lat' dir='ltr'>Hesp.</span> <span class='ocrx_word' id='word_1_64' title='bbox 1248 494 1490 549; x_wconf 74' lang='lat' dir='ltr'>Respondet</span> <span class='ocrx_word' id='word_1_65' title='bbox 1504 510 1553 536; x_wconf 80' lang='lat' dir='ltr'>ex</span> <span class='ocrx_word' id='word_1_66' title='bbox 1566 497 1869 538; x_wconf 89' lang='lat' dir='ltr'>recentioribus</span> <span class='ocrx_word' id='word_1_67' title='bbox 1886 498 2074 540; x_wconf 33' lang='lat' dir='ltr'>Becavnns</span> <span class='ocrx_word' id='word_1_68' title='bbox 2085 512 2172 552; x_wconf 78' lang='lat' dir='ltr'>cap.</span> <span class='ocrx_word' id='word_1_69' title='bbox 2193 499 2258 538; x_wconf 71' lang='lat'>14.</span> 
     </span>
     <span class='ocr_line' id='line_1_7' title="bbox 313 552 2258 608; baseline 0.002 -15"><span class='ocrx_word' id='word_1_70' title='bbox 313 559 465 607; x_wconf 73' lang='lat' dir='ltr'>quaest.</span> <span class='ocrx_word' id='word_1_71' title='bbox 507 552 543 592; x_wconf 88' lang='lat'>7.</span> <span class='ocrx_word' id='word_1_72' title='bbox 578 553 674 607; x_wconf 69' lang='lat' dir='ltr'>Neq.</span> <span class='ocrx_word' id='word_1_73' title='bbox 710 555 738 596; x_wconf 83' lang='lat'>&amp;</span> <span class='ocrx_word' id='word_1_74' title='bbox 770 554 953 594; x_wconf 89' lang='lat' dir='ltr'>rationes</span> <span class='ocrx_word' id='word_1_75' title='bbox 992 554 1129 594; x_wconf 80' lang='lat' dir='ltr'>adfert</span> <span class='ocrx_word' id='word_1_76' title='bbox 1147 555 1262 595; x_wconf 91' lang='lat' dir='ltr'>duas.</span> <span class='ocrx_word' id='word_1_77' title='bbox 1301 555 1336 596; x_wconf 87' lang='grc'>1.</span> <span class='ocrx_word' id='word_1_78' title='bbox 1376 554 1496 606; x_wconf 65' lang='lat' dir='ltr'>Quia,</span> <span class='ocrx_word' id='word_1_79' title='bbox 1520 555 1776 608; x_wconf 88' lang='lat' dir='ltr'>principium</span> <span class='ocrx_word' id='word_1_80' title='bbox 1796 556 1936 597; x_wconf 85' lang='lat' dir='ltr'>meriti</span> <span class='ocrx_word' id='word_1_81' title='bbox 1953 571 2036 596; x_wconf 89' lang='lat' dir='ltr'>non</span> <span class='ocrx_word' id='word_1_82' title='bbox 2053 557 2164 596; x_wconf 81' lang='lat' dir='ltr'>cadit</span> <span class='ocrx_word' id='word_1_83' title='bbox 2182 557 2258 596; x_wconf 89' lang='lat' dir='ltr'>sub</span> 
     </span>
     <span class='ocr_line' id='line_1_8' title="bbox 315 610 2260 668; baseline 0.003 -18"><span class='ocrx_word' id='word_1_84' title='bbox 315 610 535 658; x_wconf 52' lang='lat' dir='ltr'>meritum,</span> <span class='ocrx_word' id='word_1_85' title='bbox 564 626 639 652; x_wconf 86' lang='lat' dir='ltr'>nec</span> <span class='ocrx_word' id='word_1_86' title='bbox 676 613 786 665; x_wconf 87' lang='lat' dir='ltr'>quod</span> <span class='ocrx_word' id='word_1_87' title='bbox 820 613 935 666; x_wconf 88' lang='lat' dir='ltr'>[pag.</span> <span class='ocrx_word' id='word_1_88' title='bbox 973 612 1079 667; x_wconf 70' lang='lat'>279]</span> <span class='ocrx_word' id='word_1_89' title='bbox 1114 613 1322 654; x_wconf 76' lang='lat' dir='ltr'>antecedit</span> <span class='ocrx_word' id='word_1_90' title='bbox 1340 627 1505 652; x_wconf 88' lang='lat' dir='ltr'>omnem</span> <span class='ocrx_word' id='word_1_91' title='bbox 1529 616 1668 654; x_wconf 88' lang='lat' dir='ltr'>actum</span> <span class='ocrx_word' id='word_1_92' title='bbox 1691 614 1968 665; x_wconf 85' lang='lat' dir='ltr'>meritorium,</span> <span class='ocrx_word' id='word_1_93' title='bbox 1987 614 2168 655; x_wconf 86' lang='lat' dir='ltr'>habetur</span> <span class='ocrx_word' id='word_1_94' title='bbox 2187 629 2260 668; x_wconf 87' lang='lat' dir='ltr'>per</span> 
     </span>
     <span class='ocr_line' id='line_1_9' title="bbox 316 669 2259 725; baseline 0.003 -17"><span class='ocrx_word' id='word_1_95' title='bbox 316 671 431 709; x_wconf 83' lang='lat' dir='ltr'>actus</span> <span class='ocrx_word' id='word_1_96' title='bbox 448 669 698 711; x_wconf 88' lang='lat' dir='ltr'>meritorios.</span> <span class='ocrx_word' id='word_1_97' title='bbox 718 670 850 724; x_wconf 84' lang='lat' dir='ltr'>Atqui</span> <span class='ocrx_word' id='word_1_98' title='bbox 869 670 973 712; x_wconf 85' lang='lat' dir='ltr'>visio</span> <span class='ocrx_word' id='word_1_99' title='bbox 990 670 1185 712; x_wconf 87' lang='lat' dir='ltr'>beatifica</span> <span class='ocrx_word' id='word_1_100' title='bbox 1202 671 1253 712; x_wconf 91' lang='lat' dir='ltr'>ab</span> <span class='ocrx_word' id='word_1_101' title='bbox 1272 671 1394 711; x_wconf 88' lang='lat' dir='ltr'>initio</span> <span class='ocrx_word' id='word_1_102' title='bbox 1412 671 1693 725; x_wconf 81' lang='lat' dir='ltr'>conceptionis</span> <span class='ocrx_word' id='word_1_103' title='bbox 1711 673 1919 713; x_wconf 85' lang='lat' dir='ltr'>antecedit</span> <span class='ocrx_word' id='word_1_104' title='bbox 1937 687 2103 713; x_wconf 88' lang='grc'><strong>0111110111</strong></span> <span class='ocrx_word' id='word_1_105' title='bbox 2121 675 2259 713; x_wconf 87' lang='lat' dir='ltr'>actum</span> 
     </span>
     <span class='ocr_line' id='line_1_10' title="bbox 316 727 2256 784; baseline 0.003 -18"><span class='ocrx_word' id='word_1_106' title='bbox 316 727 590 778; x_wconf 88' lang='lat' dir='ltr'>meritorium,</span> <span class='ocrx_word' id='word_1_107' title='bbox 624 729 652 770; x_wconf 71' lang='grc'>81</span> <span class='ocrx_word' id='word_1_108' title='bbox 669 729 752 769; x_wconf 88' lang='lat' dir='ltr'>tria</span> <span class='ocrx_word' id='word_1_109' title='bbox 769 729 889 783; x_wconf 82' lang='lat' dir='ltr'>quasi</span> <span class='ocrx_word' id='word_1_110' title='bbox 907 729 1113 782; x_wconf 87' lang='lat' dir='ltr'>principia</span> <span class='ocrx_word' id='word_1_111' title='bbox 1132 729 1304 770; x_wconf 80' lang='lat' dir='ltr'>visionis</span> <span class='ocrx_word' id='word_1_112' title='bbox 1322 729 1542 770; x_wconf 88' lang='lat' dir='ltr'>beatificae</span> <span class='ocrx_word' id='word_1_113' title='bbox 1558 746 1566 779; x_wconf 85' lang='lat'><strong>;</strong></span> <span class='ocrx_word' id='word_1_114' title='bbox 1592 732 1615 770; x_wconf 79' lang='lat' dir='ltr'>a</span> <span class='ocrx_word' id='word_1_115' title='bbox 1637 730 1790 784; x_wconf 87' lang='lat' dir='ltr'>quibus</span> <span class='ocrx_word' id='word_1_116' title='bbox 1814 731 2030 784; x_wconf 87' lang='lat' dir='ltr'>dependet,</span> <span class='ocrx_word' id='word_1_117' title='bbox 2050 731 2148 771; x_wconf 91' lang='lat' dir='ltr'>unio</span> <span class='ocrx_word' id='word_1_118' title='bbox 2167 731 2256 772; x_wconf 87' lang='lat' dir='ltr'>scil.</span> 
     </span>
     <span class='ocr_line' id='line_1_11' title="bbox 315 785 2260 843; baseline 0.002 -18"><span class='ocrx_word' id='word_1_119' title='bbox 315 785 580 839; x_wconf 76' lang='lat' dir='ltr'>hypostatica</span> <span class='ocrx_word' id='word_1_120' title='bbox 598 801 678 840; x_wconf 88' lang='lat' dir='ltr'>quo</span> <span class='ocrx_word' id='word_1_121' title='bbox 698 788 749 828; x_wconf 89' lang='lat' dir='ltr'>ad</span> <span class='ocrx_word' id='word_1_122' title='bbox 761 787 973 828; x_wconf 89' lang='lat' dir='ltr'>infinitum</span> <span class='ocrx_word' id='word_1_123' title='bbox 990 788 1176 828; x_wconf 85' lang='lat' dir='ltr'>valorem</span> <span class='ocrx_word' id='word_1_124' title='bbox 1192 803 1200 834; x_wconf 84' lang='lat'><strong>;</strong></span> <span class='ocrx_word' id='word_1_125' title='bbox 1219 788 1405 829; x_wconf 89' lang='lat' dir='ltr'>infusum</span> <span class='ocrx_word' id='word_1_126' title='bbox 1423 788 1561 828; x_wconf 87' lang='lat' dir='ltr'>lumen</span> <span class='ocrx_word' id='word_1_127' title='bbox 1582 789 1742 843; x_wconf 88' lang='lat' dir='ltr'>gloriae</span> <span class='ocrx_word' id='word_1_128' title='bbox 1761 789 1915 842; x_wconf 85' lang='lat' dir='ltr'>aliique</span> <span class='ocrx_word' id='word_1_129' title='bbox 1931 789 2102 829; x_wconf 89' lang='lat' dir='ltr'>habitus</span> <span class='ocrx_word' id='word_1_130' title='bbox 2114 804 2260 843; x_wconf 85' lang='lat' dir='ltr'>super-</span> 
     </span>
     <span class='ocr_line' id='line_1_12' title="bbox 315 844 2259 901; baseline 0.002 -18"><span class='ocrx_word' id='word_1_131' title='bbox 315 844 542 894; x_wconf 72' lang='lat' dir='ltr'>naturales,</span> <span class='ocrx_word' id='word_1_132' title='bbox 562 848 608 885; x_wconf 91' lang='lat' dir='ltr'>ut</span> <span class='ocrx_word' id='word_1_133' title='bbox 626 845 825 886; x_wconf 81' lang='lat' dir='ltr'>scientiae</span> <span class='ocrx_word' id='word_1_134' title='bbox 847 845 1025 896; x_wconf 80' lang='lat' dir='ltr'>infusae,</span> <span class='ocrx_word' id='word_1_135' title='bbox 1044 846 1246 895; x_wconf 84' lang='lat' dir='ltr'>caritatis,</span> <span class='ocrx_word' id='word_1_136' title='bbox 1267 846 1530 887; x_wconf 85' lang='lat' dir='ltr'>obedientiae</span> <span class='ocrx_word' id='word_1_137' title='bbox 1548 848 1612 888; x_wconf 80' lang='lat' dir='ltr'>&amp;c.</span> <span class='ocrx_word' id='word_1_138' title='bbox 1629 861 1637 887; x_wconf 78' lang='lat' dir='ltr'>z</span> <span class='ocrx_word' id='word_1_139' title='bbox 1661 847 1848 901; x_wconf 82' lang='lat' dir='ltr'>cognitio</span> <span class='ocrx_word' id='word_1_140' title='bbox 1866 847 2064 888; x_wconf 80' lang='lat' dir='ltr'>scientiae</span> <span class='ocrx_word' id='word_1_141' title='bbox 2082 847 2259 898; x_wconf 77' lang='lat' dir='ltr'>infusae,</span> 
     </span>
     <span class='ocr_line' id='line_1_13' title="bbox 315 902 2258 959; baseline 0.002 -17"><span class='ocrx_word' id='word_1_142' title='bbox 315 905 412 942; x_wconf 87' lang='lat' dir='ltr'>sunt</span> <span class='ocrx_word' id='word_1_143' title='bbox 445 902 651 957; x_wconf 86' lang='lat' dir='ltr'>principia</span> <span class='ocrx_word' id='word_1_144' title='bbox 677 904 886 945; x_wconf 87' lang='lat' dir='ltr'>merendi:</span> <span class='ocrx_word' id='word_1_145' title='bbox 912 919 1011 958; x_wconf 87' lang='lat' dir='ltr'>ergo</span> <span class='ocrx_word' id='word_1_146' title='bbox 1029 919 1109 944; x_wconf 90' lang='lat' dir='ltr'>non</span> <span class='ocrx_word' id='word_1_147' title='bbox 1129 905 1363 958; x_wconf 86' lang='lat' dir='ltr'>dependent</span> <span class='ocrx_word' id='word_1_148' title='bbox 1381 907 1405 945; x_wconf 79' lang='lat' dir='ltr'>a</span> <span class='ocrx_word' id='word_1_149' title='bbox 1426 904 1589 955; x_wconf 89' lang='lat' dir='ltr'>merito,</span> <span class='ocrx_word' id='word_1_150' title='bbox 1614 906 1684 946; x_wconf 85' lang='lat' dir='ltr'>sed</span> <span class='ocrx_word' id='word_1_151' title='bbox 1703 906 1840 959; x_wconf 88' lang='lat' dir='ltr'>potius</span> <span class='ocrx_word' id='word_1_152' title='bbox 1857 906 2056 946; x_wconf 87' lang='lat' dir='ltr'>meritum</span> <span class='ocrx_word' id='word_1_153' title='bbox 2073 905 2125 946; x_wconf 89' lang='lat' dir='ltr'>ab</span> <span class='ocrx_word' id='word_1_154' title='bbox 2143 905 2258 959; x_wconf 90' lang='lat' dir='ltr'>ipsis.</span> 
     </span>
     <span class='ocr_line' id='line_1_14' title="bbox 317 961 2258 1017; baseline 0.003 -17"><span class='ocrx_word' id='word_1_155' title='bbox 317 961 355 1001; x_wconf 93' lang='grc'>2.</span> <span class='ocrx_word' id='word_1_156' title='bbox 393 961 500 1013; x_wconf 71' lang='lat' dir='ltr'>Quia</span> <span class='ocrx_word' id='word_1_157' title='bbox 538 961 643 1002; x_wconf 86' lang='lat' dir='ltr'>visio</span> <span class='ocrx_word' id='word_1_158' title='bbox 680 963 754 1003; x_wconf 90' lang='lat' dir='ltr'>illa</span> <span class='ocrx_word' id='word_1_159' title='bbox 787 963 884 1003; x_wconf 90' lang='lat' dir='ltr'>data</span> <span class='ocrx_word' id='word_1_160' title='bbox 900 962 982 1003; x_wconf 89' lang='lat' dir='ltr'>fuit</span> <span class='ocrx_word' id='word_1_161' title='bbox 1001 962 1168 1003; x_wconf 89' lang='lat' dir='ltr'>Christo</span> <span class='ocrx_word' id='word_1_162' title='bbox 1187 963 1229 1003; x_wconf 91' lang='lat' dir='ltr'>in</span> <span class='ocrx_word' id='word_1_163' title='bbox 1246 963 1421 1004; x_wconf 89' lang='lat' dir='ltr'>instanti</span> <span class='ocrx_word' id='word_1_164' title='bbox 1441 964 1722 1017; x_wconf 83' lang='lat' dir='ltr'>conceptionis</span> <span class='ocrx_word' id='word_1_165' title='bbox 1741 979 1790 1004; x_wconf 80' lang='lat' dir='ltr'>ex</span> <span class='ocrx_word' id='word_1_166' title='bbox 1813 964 1952 1005; x_wconf 87' lang='lat' dir='ltr'>debito</span> <span class='ocrx_word' id='word_1_167' title='bbox 1970 964 2233 1005; x_wconf 88' lang='lat' dir='ltr'>connaturali</span> <span class='ocrx_word' id='word_1_168' title='bbox 2249 979 2258 1005; x_wconf 94' lang='lat'>:</span> 
     </span>
     <span class='ocr_line' id='line_1_15' title="bbox 316 1021 2261 1075; baseline 0.002 -16"><span class='ocrx_word' id='word_1_169' title='bbox 316 1033 415 1073; x_wconf 89' lang='lat' dir='ltr'>ergo</span> <span class='ocrx_word' id='word_1_170' title='bbox 453 1034 535 1060; x_wconf 89' lang='lat' dir='ltr'>non</span> <span class='ocrx_word' id='word_1_171' title='bbox 572 1035 648 1073; x_wconf 88' lang='lat' dir='ltr'>per</span> <span class='ocrx_word' id='word_1_172' title='bbox 672 1021 842 1062; x_wconf 84' lang='lat' dir='ltr'>niodum</span> <span class='ocrx_word' id='word_1_173' title='bbox 864 1021 1040 1075; x_wconf 89' lang='lat' dir='ltr'>praemii</span> <span class='ocrx_word' id='word_1_174' title='bbox 1058 1024 1131 1062; x_wconf 88' lang='lat' dir='ltr'>aut</span> <span class='ocrx_word' id='word_1_175' title='bbox 1153 1037 1202 1062; x_wconf 79' lang='lat' dir='ltr'>ex</span> <span class='ocrx_word' id='word_1_176' title='bbox 1220 1021 1383 1062; x_wconf 84' lang='lat' dir='ltr'>merito.</span> <span class='ocrx_word' id='word_1_177' title='bbox 1418 1021 1535 1063; x_wconf 82' lang='lat' dir='ltr'>Sicut</span> <span class='ocrx_word' id='word_1_178' title='bbox 1557 1022 1669 1063; x_wconf 81' lang='lat' dir='ltr'>enini</span> <span class='ocrx_word' id='word_1_179' title='bbox 1686 1022 1790 1063; x_wconf 82' lang='lat' dir='ltr'>visio</span> <span class='ocrx_word' id='word_1_180' title='bbox 1809 1023 2008 1064; x_wconf 87' lang='lat' dir='ltr'>sensitiva</span> <span class='ocrx_word' id='word_1_181' title='bbox 2031 1023 2261 1063; x_wconf 84' lang='lat' dir='ltr'>debehatur</span> 
     </span>
     <span class='ocr_line' id='line_1_16' title="bbox 315 1077 2260 1135; baseline 0.002 -18"><span class='ocrx_word' id='word_1_182' title='bbox 315 1077 379 1117; x_wconf 89' lang='grc'><strong>1111</strong></span> <span class='ocrx_word' id='word_1_183' title='bbox 415 1078 577 1119; x_wconf 87' lang='lat' dir='ltr'>ratione</span> <span class='ocrx_word' id='word_1_184' title='bbox 611 1079 776 1120; x_wconf 87' lang='lat' dir='ltr'>animae</span> <span class='ocrx_word' id='word_1_185' title='bbox 794 1079 1033 1130; x_wconf 84' lang='lat' dir='ltr'>sensitivae,</span> <span class='ocrx_word' id='word_1_186' title='bbox 1052 1080 1112 1120; x_wconf 88' lang='lat' dir='ltr'>ita</span> <span class='ocrx_word' id='word_1_187' title='bbox 1137 1080 1240 1121; x_wconf 90' lang='lat' dir='ltr'>visio</span> <span class='ocrx_word' id='word_1_188' title='bbox 1259 1080 1454 1121; x_wconf 86' lang='lat' dir='ltr'>beatifica</span> <span class='ocrx_word' id='word_1_189' title='bbox 1476 1080 1638 1121; x_wconf 88' lang='lat' dir='ltr'>ratione</span> <span class='ocrx_word' id='word_1_190' title='bbox 1657 1081 1822 1121; x_wconf 90' lang='lat' dir='ltr'>unionis</span> <span class='ocrx_word' id='word_1_191' title='bbox 1839 1081 2143 1135; x_wconf 84' lang='lat' dir='ltr'>hypostaticae.</span> <span class='ocrx_word' id='word_1_192' title='bbox 2178 1080 2260 1121; x_wconf 77' lang='lat' dir='ltr'>Sed</span> 
     </span>
     <span class='ocr_line' id='line_1_17' title="bbox 314 1136 2258 1193; baseline 0.002 -18"><span class='ocrx_word' id='word_1_193' title='bbox 314 1136 569 1189; x_wconf 86' lang='lat' dir='ltr'>hypothesin</span> <span class='ocrx_word' id='word_1_194' title='bbox 578 1137 893 1179; x_wconf 85' lang='lat' dir='ltr'>Pontificiorum</span> <span class='ocrx_word' id='word_1_195' title='bbox 911 1139 959 1179; x_wconf 91' lang='lat' dir='ltr'>de</span> <span class='ocrx_word' id='word_1_196' title='bbox 972 1138 1130 1179; x_wconf 81' lang='lat' dir='ltr'>visione</span> <span class='ocrx_word' id='word_1_197' title='bbox 1144 1139 1337 1179; x_wconf 75' lang='lat' dir='ltr'>beatifica</span> <span class='ocrx_word' id='word_1_198' title='bbox 1350 1139 1402 1179; x_wconf 86' lang='lat' dir='ltr'>ab</span> <span class='ocrx_word' id='word_1_199' title='bbox 1420 1139 1593 1179; x_wconf 87' lang='lat' dir='ltr'>instanti</span> <span class='ocrx_word' id='word_1_200' title='bbox 1608 1139 1771 1179; x_wconf 90' lang='lat' dir='ltr'>unionis</span> <span class='ocrx_word' id='word_1_201' title='bbox 1784 1154 1915 1193; x_wconf 88' lang='lat' dir='ltr'>usque</span> <span class='ocrx_word' id='word_1_202' title='bbox 1929 1140 1980 1179; x_wconf 90' lang='lat' dir='ltr'>ad</span> <span class='ocrx_word' id='word_1_203' title='bbox 1993 1139 2131 1189; x_wconf 84' lang='lat' dir='ltr'>finem,</span> <span class='ocrx_word' id='word_1_204' title='bbox 2146 1142 2181 1191; x_wconf 83' lang='lat' dir='ltr'>ej</span> <span class='ocrx_word' id='word_1_205' title='bbox 2189 1154 2258 1179; x_wconf 92' lang='lat' dir='ltr'>us-</span> 
     </span>
     <span class='ocr_line' id='line_1_18' title="bbox 315 1195 2259 1251; baseline 0.002 -17"><span class='ocrx_word' id='word_1_206' title='bbox 315 1208 395 1247; x_wconf 77' lang='lat' dir='ltr'>quo</span> <span class='ocrx_word' id='word_1_207' title='bbox 408 1195 713 1236; x_wconf 85' lang='lat' dir='ltr'>concomitante</span> <span class='ocrx_word' id='word_1_208' title='bbox 731 1211 803 1237; x_wconf 88' lang='lat' dir='ltr'>seu</span> <span class='ocrx_word' id='word_1_209' title='bbox 822 1197 1018 1250; x_wconf 86' lang='lat' dir='ltr'>adjuncto</span> <span class='ocrx_word' id='word_1_210' title='bbox 1035 1197 1220 1250; x_wconf 84' lang='lat' dir='ltr'>perfecto</span> <span class='ocrx_word' id='word_1_211' title='bbox 1234 1197 1389 1251; x_wconf 86' lang='lat' dir='ltr'>gaudio</span> <span class='ocrx_word' id='word_1_212' title='bbox 1408 1197 1449 1237; x_wconf 91' lang='lat' dir='ltr'>in</span> <span class='ocrx_word' id='word_1_213' title='bbox 1469 1197 1675 1251; x_wconf 83' lang='lat' dir='ltr'>superiori</span> <span class='ocrx_word' id='word_1_214' title='bbox 1687 1200 1807 1251; x_wconf 85' lang='lat' dir='ltr'>parte</span> <span class='ocrx_word' id='word_1_215' title='bbox 1821 1198 1999 1247; x_wconf 89' lang='lat' dir='ltr'>animae,</span> <span class='ocrx_word' id='word_1_216' title='bbox 2013 1197 2143 1238; x_wconf 83' lang='lat' dir='ltr'>nostri</span> <span class='ocrx_word' id='word_1_217' title='bbox 2161 1212 2259 1238; x_wconf 80' lang='lat' dir='ltr'>exa-</span> 
     </span>
     <span class='ocr_line' id='line_1_19' title="bbox 314 1253 2258 1308; baseline 0.002 -16"><span class='ocrx_word' id='word_1_218' title='bbox 314 1253 477 1293; x_wconf 87' lang='lat' dir='ltr'>minant</span> <span class='ocrx_word' id='word_1_219' title='bbox 493 1253 536 1293; x_wconf 91' lang='lat' dir='ltr'>in</span> <span class='ocrx_word' id='word_1_220' title='bbox 555 1255 837 1295; x_wconf 85' lang='lat' dir='ltr'>controversia</span> <span class='ocrx_word' id='word_1_221' title='bbox 855 1256 903 1295; x_wconf 88' lang='lat' dir='ltr'>de</span> <span class='ocrx_word' id='word_1_222' title='bbox 920 1255 1283 1308; x_wconf 85' lang='lat' dir='ltr'>Perpessionibus,</span> <span class='ocrx_word' id='word_1_223' title='bbox 1300 1256 1328 1296; x_wconf 67' lang='grc'>81</span> <span class='ocrx_word' id='word_1_224' title='bbox 1347 1256 1395 1297; x_wconf 90' lang='grc'>(10</span> <span class='ocrx_word' id='word_1_225' title='bbox 1414 1255 1597 1297; x_wconf 83' lang='lat' dir='ltr'>Scientia</span> <span class='ocrx_word' id='word_1_226' title='bbox 1614 1256 1778 1296; x_wconf 87' lang='lat' dir='ltr'>animae</span> <span class='ocrx_word' id='word_1_227' title='bbox 1796 1256 1966 1297; x_wconf 81' lang='lat' dir='ltr'>Christi:</span> <span class='ocrx_word' id='word_1_228' title='bbox 1980 1258 2008 1297; x_wconf 54' lang='grc' dir='ltr'>ἃ</span> <span class='ocrx_word' id='word_1_229' title='bbox 2021 1256 2258 1297; x_wconf 85' lang='lat' dir='ltr'>doctissime</span> 
     </span>
     <span class='ocr_line' id='line_1_20' title="bbox 318 1312 2258 1369; baseline 0.002 -17"><span class='ocrx_word' id='word_1_230' title='bbox 318 1312 525 1353; x_wconf 76' lang='lat' dir='ltr'>Gomarus</span> <span class='ocrx_word' id='word_1_231' title='bbox 541 1313 596 1354; x_wconf 75' lang='lat' dir='ltr'>ad</span> <span class='ocrx_word' id='word_1_232' title='bbox 613 1314 709 1354; x_wconf 74' lang='lat' dir='ltr'>Luc.</span> <span class='ocrx_word' id='word_1_233' title='bbox 729 1314 767 1354; x_wconf 90' lang='grc'>2.</span> <span class='ocrx_word' id='word_1_234' title='bbox 785 1327 887 1354; x_wconf 72' lang='lat' dir='ltr'>vers.</span> <span class='ocrx_word' id='word_1_235' title='bbox 910 1315 977 1354; x_wconf 85' lang='grc'>52.</span> <span class='ocrx_word' id='word_1_236' title='bbox 996 1313 1153 1355; x_wconf 83' lang='lat' dir='ltr'>XXXI.</span> <span class='ocrx_word' id='word_1_237' title='bbox 1175 1314 1378 1356; x_wconf 73' lang='lat' dir='ltr'>Problem.</span> <span class='ocrx_word' id='word_1_238' title='bbox 1398 1314 1466 1355; x_wconf 88' lang='lat' dir='ltr'>An</span> <span class='ocrx_word' id='word_1_239' title='bbox 1482 1314 1684 1355; x_wconf 79' lang='lat' dir='ltr'>meruerit</span> <span class='ocrx_word' id='word_1_240' title='bbox 1696 1314 1775 1355; x_wconf 87' lang='lat' dir='ltr'>sibi</span> <span class='ocrx_word' id='word_1_241' title='bbox 1789 1314 1971 1369; x_wconf 84' lang='lat' dir='ltr'>gratiam</span> <span class='ocrx_word' id='word_1_242' title='bbox 1983 1314 2258 1355; x_wconf 83' lang='lat' dir='ltr'>habitualem.</span> 
     </span>
     <span class='ocr_line' id='line_1_21' title="bbox 317 1371 2257 1427; baseline 0.001 -15"><span class='ocrx_word' id='word_1_243' title='bbox 317 1371 432 1423; x_wconf 78' lang='lat' dir='ltr'>Hesp.</span> <span class='ocrx_word' id='word_1_244' title='bbox 470 1371 567 1425; x_wconf 69' lang='lat' dir='ltr'>Negy.</span> <span class='ocrx_word' id='word_1_245' title='bbox 585 1371 692 1420; x_wconf 76' lang='lat' dir='ltr'>Quia</span> <span class='ocrx_word' id='word_1_246' title='bbox 710 1372 844 1413; x_wconf 88' lang='lat' dir='ltr'>omnis</span> <span class='ocrx_word' id='word_1_247' title='bbox 864 1374 981 1413; x_wconf 89' lang='lat' dir='ltr'>actus</span> <span class='ocrx_word' id='word_1_248' title='bbox 997 1372 1237 1413; x_wconf 89' lang='lat' dir='ltr'>meritorius</span> <span class='ocrx_word' id='word_1_249' title='bbox 1256 1372 1339 1413; x_wconf 88' lang='lat' dir='ltr'>fuit</span> <span class='ocrx_word' id='word_1_250' title='bbox 1360 1373 1567 1426; x_wconf 83' lang='lat' dir='ltr'>posterior</span> <span class='ocrx_word' id='word_1_251' title='bbox 1586 1373 1795 1413; x_wconf 87' lang='lat' dir='ltr'>infusione</span> <span class='ocrx_word' id='word_1_252' title='bbox 1817 1373 1981 1427; x_wconf 89' lang='lat' dir='ltr'>gratiae</span> <span class='ocrx_word' id='word_1_253' title='bbox 2003 1373 2257 1413; x_wconf 87' lang='lat' dir='ltr'>habitualis:</span> 
     </span>
     <span class='ocr_line' id='line_1_22' title="bbox 315 1430 2256 1485; baseline 0.001 -16"><span class='ocrx_word' id='word_1_254' title='bbox 315 1443 414 1483; x_wconf 83' lang='lat' dir='ltr'>ergo</span> <span class='ocrx_word' id='word_1_255' title='bbox 432 1444 506 1482; x_wconf 85' lang='lat' dir='ltr'>per</span> <span class='ocrx_word' id='word_1_256' title='bbox 527 1430 689 1470; x_wconf 87' lang='lat' dir='ltr'>nullum</span> <span class='ocrx_word' id='word_1_257' title='bbox 709 1433 846 1470; x_wconf 89' lang='lat' dir='ltr'>actum</span> <span class='ocrx_word' id='word_1_258' title='bbox 864 1431 1003 1484; x_wconf 89' lang='lat' dir='ltr'>potuit</span> <span class='ocrx_word' id='word_1_259' title='bbox 1021 1431 1203 1485; x_wconf 87' lang='lat' dir='ltr'>gratiam</span> <span class='ocrx_word' id='word_1_260' title='bbox 1225 1431 1343 1471; x_wconf 88' lang='lat' dir='ltr'>illam</span> <span class='ocrx_word' id='word_1_261' title='bbox 1363 1431 1525 1472; x_wconf 88' lang='lat' dir='ltr'>mereri.</span> <span class='ocrx_word' id='word_1_262' title='bbox 1559 1430 1738 1472; x_wconf 82' lang='lat' dir='ltr'>XXXII.</span> <span class='ocrx_word' id='word_1_263' title='bbox 1774 1431 1981 1473; x_wconf 72' lang='lat' dir='ltr'>Problem.</span> <span class='ocrx_word' id='word_1_264' title='bbox 2001 1431 2065 1472; x_wconf 89' lang='lat' dir='ltr'>An</span> <span class='ocrx_word' id='word_1_265' title='bbox 2086 1431 2256 1472; x_wconf 80' lang='lat' dir='ltr'>exaudi-</span> 
     </span>
     <span class='ocr_line' id='line_1_23' title="bbox 318 1487 2256 1542; baseline 0.002 -16"><span class='ocrx_word' id='word_1_266' title='bbox 318 1487 475 1527; x_wconf 87' lang='lat' dir='ltr'>tionem</span> <span class='ocrx_word' id='word_1_267' title='bbox 513 1488 579 1542; x_wconf 80' lang='lat' dir='ltr'>(de</span> <span class='ocrx_word' id='word_1_268' title='bbox 613 1491 695 1541; x_wconf 74' lang='lat' dir='ltr'>qua</span> <span class='ocrx_word' id='word_1_269' title='bbox 710 1489 888 1530; x_wconf 73' lang='lat' dir='ltr'>Jolzcmn.</span> <span class='ocrx_word' id='word_1_270' title='bbox 916 1490 981 1531; x_wconf 91' lang='grc'>11.</span> <span class='ocrx_word' id='word_1_271' title='bbox 1003 1503 1104 1530; x_wconf 77' lang='lat' dir='ltr'>vers.</span> <span class='ocrx_word' id='word_1_272' title='bbox 1125 1489 1209 1539; x_wconf 78' lang='grc'><strong>4-2.)</strong></span> <span class='ocrx_word' id='word_1_273' title='bbox 1234 1491 1262 1531; x_wconf 72' lang='grc'>81</span> <span class='ocrx_word' id='word_1_274' title='bbox 1285 1489 1579 1530; x_wconf 85' lang='lat' dir='ltr'>liberationem</span> <span class='ocrx_word' id='word_1_275' title='bbox 1599 1491 1621 1530; x_wconf 73' lang='grc' dir='ltr'>Ξι</span> <span class='ocrx_word' id='word_1_276' title='bbox 1638 1491 1749 1531; x_wconf 87' lang='lat' dir='ltr'>malo</span> <span class='ocrx_word' id='word_1_277' title='bbox 1772 1492 1862 1530; x_wconf 91' lang='lat' dir='ltr'>tum</span> <span class='ocrx_word' id='word_1_278' title='bbox 1884 1489 2132 1530; x_wconf 87' lang='lat' dir='ltr'>intermedio</span> <span class='ocrx_word' id='word_1_279' title='bbox 2149 1492 2256 1530; x_wconf 91' lang='lat' dir='ltr'>tem-</span> 
     </span>
    </p>
   </div>
   <div class='ocr_carea' id='block_1_3' title="bbox 318 1546 2257 1604">
    <p class='ocr_par' dir='ltr' id='par_1_3' title="bbox 318 1546 2257 1604">
     <span class='ocr_line' id='line_1_24' title="bbox 318 1546 2257 1604; baseline 0.001 -19"><span class='ocrx_word' id='word_1_280' title='bbox 318 1559 431 1598; x_wconf 83' lang='lat' dir='ltr'>pore,</span> <span class='ocrx_word' id='word_1_281' title='bbox 463 1548 555 1586; x_wconf 84' lang='lat' dir='ltr'>tuni</span> <span class='ocrx_word' id='word_1_282' title='bbox 586 1546 629 1586; x_wconf 90' lang='lat' dir='ltr'>in</span> <span class='ocrx_word' id='word_1_283' title='bbox 646 1547 728 1586; x_wconf 90' lang='lat' dir='ltr'>fine</span> <span class='ocrx_word' id='word_1_284' title='bbox 746 1547 870 1595; x_wconf 88' lang='lat' dir='ltr'>vitae,</span> <span class='ocrx_word' id='word_1_285' title='bbox 893 1550 1027 1588; x_wconf 89' lang='lat' dir='ltr'>morte</span> <span class='ocrx_word' id='word_1_286' title='bbox 1050 1548 1136 1588; x_wconf 86' lang='lat' dir='ltr'>scil.</span> <span class='ocrx_word' id='word_1_287' title='bbox 1156 1551 1356 1601; x_wconf 75' lang='lat' dir='ltr'>utraque:</span> <span class='ocrx_word' id='word_1_288' title='bbox 1382 1549 1430 1589; x_wconf 91' lang='lat' dir='ltr'>de</span> <span class='ocrx_word' id='word_1_289' title='bbox 1448 1564 1528 1601; x_wconf 83' lang='grc'><strong>(1110</strong></span> <span class='ocrx_word' id='word_1_290' title='bbox 1553 1549 1670 1590; x_wconf 77' lang='lat' dir='ltr'>Hebr.</span> <span class='ocrx_word' id='word_1_291' title='bbox 1692 1550 1715 1587; x_wconf 81' lang='lat'>5</span> <span class='ocrx_word' id='word_1_292' title='bbox 1753 1563 1789 1589; x_wconf 73' lang='lat' dir='ltr'>v.</span> <span class='ocrx_word' id='word_1_293' title='bbox 1809 1549 1870 1590; x_wconf 58' lang='lat'>7?</span> <span class='ocrx_word' id='word_1_294' title='bbox 1888 1550 2005 1604; x_wconf 64' lang='lat' dir='ltr'>Hesp.</span> <span class='ocrx_word' id='word_1_295' title='bbox 2024 1548 2121 1589; x_wconf 90' lang='lat' dir='ltr'>Non</span> <span class='ocrx_word' id='word_1_296' title='bbox 2138 1548 2257 1588; x_wconf 86' lang='lat' dir='ltr'>video</span> 
     </span>
    </p>
   </div>
   <div class='ocr_carea' id='block_1_4' title="bbox 312 1605 2256 2928">
    <p class='ocr_par' dir='ltr' id='par_1_4' title="bbox 312 1605 2256 2884">
     <span class='ocr_line' id='line_1_25' title="bbox 320 1605 2256 1661; baseline 0.002 -17"><span class='ocrx_word' id='word_1_297' title='bbox 320 1618 392 1644; x_wconf 88' lang='lat' dir='ltr'>cur</span> <span class='ocrx_word' id='word_1_298' title='bbox 409 1605 617 1661; x_wconf 75' lang='lat' dir='ltr'>affirmari</span> <span class='ocrx_word' id='word_1_299' title='bbox 633 1620 714 1645; x_wconf 90' lang='lat' dir='ltr'>non</span> <span class='ocrx_word' id='word_1_300' title='bbox 733 1606 878 1659; x_wconf 85' lang='lat' dir='ltr'>possit.</span> <span class='ocrx_word' id='word_1_301' title='bbox 901 1607 994 1648; x_wconf 73' lang='lat' dir='ltr'>Luc.</span> <span class='ocrx_word' id='word_1_302' title='bbox 1017 1606 1083 1646; x_wconf 81' lang='grc'>24.</span> <span class='ocrx_word' id='word_1_303' title='bbox 1109 1606 1176 1647; x_wconf 92' lang='grc'>25.</span> <span class='ocrx_word' id='word_1_304' title='bbox 1198 1607 1266 1647; x_wconf 83' lang='grc'>26.</span> <span class='ocrx_word' id='word_1_305' title='bbox 1283 1607 1460 1648; x_wconf 70' lang='lat' dir='ltr'>Jolzmm.</span> <span class='ocrx_word' id='word_1_306' title='bbox 1485 1608 1550 1648; x_wconf 84' lang='lat'>17.</span> <span class='ocrx_word' id='word_1_307' title='bbox 1575 1607 1612 1649; x_wconf 82' lang='lat'>4.</span> <span class='ocrx_word' id='word_1_308' title='bbox 1635 1608 1672 1647; x_wconf 87' lang='grc'>5.</span> <span class='ocrx_word' id='word_1_309' title='bbox 1700 1607 1820 1648; x_wconf 78' lang='lat' dir='ltr'>Hebr.</span> <span class='ocrx_word' id='word_1_310' title='bbox 1842 1608 1879 1648; x_wconf 88' lang='grc'>2.</span> <span class='ocrx_word' id='word_1_311' title='bbox 1902 1608 1967 1647; x_wconf 80' lang='grc'>10.</span> <span class='ocrx_word' id='word_1_312' title='bbox 1987 1608 2016 1649; x_wconf 68' lang='grc'>81</span> <span class='ocrx_word' id='word_1_313' title='bbox 2037 1607 2102 1647; x_wconf 91' lang='grc'>12.</span> <span class='ocrx_word' id='word_1_314' title='bbox 2123 1607 2162 1648; x_wconf 77' lang='grc'>2.</span> <span class='ocrx_word' id='word_1_315' title='bbox 2180 1608 2256 1647; x_wconf 79' lang='lat' dir='ltr'>Jes.</span> 
     </span>
     <span class='ocr_line' id='line_1_26' title="bbox 321 1663 2256 1720; baseline 0.002 -18"><span class='ocrx_word' id='word_1_316' title='bbox 321 1663 390 1702; x_wconf 79' lang='lat'>53.</span> <span class='ocrx_word' id='word_1_317' title='bbox 423 1676 525 1704; x_wconf 69' lang='lat' dir='ltr'>vers.</span> <span class='ocrx_word' id='word_1_318' title='bbox 564 1664 630 1703; x_wconf 81' lang='lat'>10.</span> <span class='ocrx_word' id='word_1_319' title='bbox 661 1664 724 1704; x_wconf 91' lang='grc'>11.</span> <span class='ocrx_word' id='word_1_320' title='bbox 749 1665 812 1705; x_wconf 88' lang='grc'>12.</span> <span class='ocrx_word' id='word_1_321' title='bbox 834 1663 986 1705; x_wconf 83' lang='lat' dir='ltr'>Confer</span> <span class='ocrx_word' id='word_1_322' title='bbox 1006 1665 1218 1706; x_wconf 56' lang='lat' dir='ltr'>Beecmxmm</span> <span class='ocrx_word' id='word_1_323' title='bbox 1240 1666 1305 1705; x_wconf 79' lang='lat'>14.</span> <span class='ocrx_word' id='word_1_324' title='bbox 1325 1674 1479 1720; x_wconf 64' lang='grc'><strong>(1110031.</strong></span> <span class='ocrx_word' id='word_1_325' title='bbox 1500 1667 1537 1705; x_wconf 79' lang='grc'><strong>3.</strong></span> <span class='ocrx_word' id='word_1_326' title='bbox 1559 1666 1596 1706; x_wconf 87' lang='grc'>5.</span> <span class='ocrx_word' id='word_1_327' title='bbox 1619 1667 1655 1706; x_wconf 86' lang='grc'>7.</span> <span class='ocrx_word' id='word_1_328' title='bbox 1675 1664 1870 1706; x_wconf 41' lang='lat' dir='ltr'>XXXIII.</span> <span class='ocrx_word' id='word_1_329' title='bbox 1903 1665 2035 1708; x_wconf 75' lang='lat' dir='ltr'>Probl.</span> <span class='ocrx_word' id='word_1_330' title='bbox 2056 1664 2124 1705; x_wconf 91' lang='lat' dir='ltr'>An</span> <span class='ocrx_word' id='word_1_331' title='bbox 2142 1665 2256 1706; x_wconf 84' lang='lat' dir='ltr'>exal-</span> 
     </span>
     <span class='ocr_line' id='line_1_27' title="bbox 318 1721 2252 1779; baseline 0.002 -18"><span class='ocrx_word' id='word_1_332' title='bbox 318 1721 536 1770; x_wconf 87' lang='lat' dir='ltr'>tationem,</span> <span class='ocrx_word' id='word_1_333' title='bbox 566 1721 645 1762; x_wconf 89' lang='lat' dir='ltr'>hoc</span> <span class='ocrx_word' id='word_1_334' title='bbox 677 1725 752 1773; x_wconf 89' lang='lat' dir='ltr'>est,</span> <span class='ocrx_word' id='word_1_335' title='bbox 776 1723 1137 1774; x_wconf 86' lang='lat' dir='ltr'>resurrectionem,</span> <span class='ocrx_word' id='word_1_336' title='bbox 1157 1723 1454 1774; x_wconf 85' lang='lat' dir='ltr'>ascensionem,</span> <span class='ocrx_word' id='word_1_337' title='bbox 1479 1724 1705 1765; x_wconf 87' lang='lat' dir='ltr'>sessionem</span> <span class='ocrx_word' id='word_1_338' title='bbox 1725 1724 1775 1764; x_wconf 90' lang='lat' dir='ltr'>ad</span> <span class='ocrx_word' id='word_1_339' title='bbox 1793 1724 1995 1764; x_wconf 76' lang='lat' dir='ltr'>dextram.</span> <span class='ocrx_word' id='word_1_340' title='bbox 2031 1724 2146 1776; x_wconf 75' lang='lat' dir='ltr'>Hesp.</span> <span class='ocrx_word' id='word_1_341' title='bbox 2169 1724 2198 1765; x_wconf 82' lang='lat' dir='ltr'><em>A</em></span> <span class='ocrx_word' id='word_1_342' title='bbox 2208 1726 2252 1779; x_wconf 70' lang='lat' dir='ltr'>ss.</span> 
     </span>
     <span class='ocr_line' id='line_1_28' title="bbox 319 1780 2256 1836; baseline 0.002 -17"><span class='ocrx_word' id='word_1_343' title='bbox 319 1793 368 1819; x_wconf 82' lang='lat' dir='ltr'>ex</span> <span class='ocrx_word' id='word_1_344' title='bbox 406 1780 563 1833; x_wconf 64' lang='lat' dir='ltr'>Philip.</span> <span class='ocrx_word' id='word_1_345' title='bbox 598 1782 636 1821; x_wconf 89' lang='grc'><strong>2.</strong></span> <span class='ocrx_word' id='word_1_346' title='bbox 659 1794 760 1822; x_wconf 72' lang='lat' dir='ltr'>vers.</span> <span class='ocrx_word' id='word_1_347' title='bbox 780 1781 819 1822; x_wconf 83' lang='grc'>9.</span> <span class='ocrx_word' id='word_1_348' title='bbox 843 1780 928 1822; x_wconf 91' lang='lat' dir='ltr'>Ubi</span> <span class='ocrx_word' id='word_1_349' title='bbox 952 1782 1044 1822; x_wconf 87' lang='lat' dir='ltr'>vide</span> <span class='ocrx_word' id='word_1_350' title='bbox 1064 1782 1187 1836; x_wconf 75' lang='lat' dir='ltr'>longe</span> <span class='ocrx_word' id='word_1_351' title='bbox 1206 1782 1566 1823; x_wconf 82' lang='lat' dir='ltr'>accuratissimum</span> <span class='ocrx_word' id='word_1_352' title='bbox 1583 1783 1925 1824; x_wconf 65' lang='lat' dir='ltr'>commentarium</span> <span class='ocrx_word' id='word_1_353' title='bbox 1947 1782 2129 1824; x_wconf 75' lang='lat' dir='ltr'>Gomari.</span> <span class='ocrx_word' id='word_1_354' title='bbox 2149 1781 2256 1822; x_wconf 88' lang='lat' dir='ltr'>Con-</span> 
     </span>
     <span class='ocr_line' id='line_1_29' title="bbox 317 1837 2255 1894; baseline 0.002 -17"><span class='ocrx_word' id='word_1_355' title='bbox 317 1837 504 1878; x_wconf 86' lang='lat' dir='ltr'>sentiunt</span> <span class='ocrx_word' id='word_1_356' title='bbox 520 1838 755 1880; x_wconf 76' lang='lat' dir='ltr'>Sclzolastz&#39;ci</span> <span class='ocrx_word' id='word_1_357' title='bbox 770 1840 825 1880; x_wconf 74' lang='lat' dir='ltr'>ad</span> <span class='ocrx_word' id='word_1_358' title='bbox 842 1840 881 1880; x_wconf 84' lang='lat'>3.</span> <span class='ocrx_word' id='word_1_359' title='bbox 905 1848 1059 1894; x_wconf 74' lang='lat' dir='ltr'>quaest.</span> <span class='ocrx_word' id='word_1_360' title='bbox 1079 1841 1146 1882; x_wconf 81' lang='lat'>50.</span> <span class='ocrx_word' id='word_1_361' title='bbox 1165 1841 1280 1881; x_wconf 69' lang='lat' dir='ltr'>artie.</span> <span class='ocrx_word' id='word_1_362' title='bbox 1300 1841 1338 1880; x_wconf 82' lang='grc'>6.</span> <span class='ocrx_word' id='word_1_363' title='bbox 1360 1840 1443 1881; x_wconf 93' lang='lat' dir='ltr'>Ubi</span> <span class='ocrx_word' id='word_1_364' title='bbox 1467 1841 1661 1882; x_wconf 76' lang='lat' dir='ltr'>distincte</span> <span class='ocrx_word' id='word_1_365' title='bbox 1679 1841 1972 1891; x_wconf 84' lang='lat' dir='ltr'>determinant,</span> <span class='ocrx_word' id='word_1_366' title='bbox 1992 1841 2102 1894; x_wconf 86' lang='lat' dir='ltr'>quod</span> <span class='ocrx_word' id='word_1_367' title='bbox 2124 1840 2255 1893; x_wconf 89' lang='lat' dir='ltr'>majo-</span> 
     </span>
     <span class='ocr_line' id='line_1_30' title="bbox 318 1897 2256 1952; baseline 0.002 -16"><span class='ocrx_word' id='word_1_368' title='bbox 318 1910 404 1936; x_wconf 87' lang='lat' dir='ltr'>rem</span> <span class='ocrx_word' id='word_1_369' title='bbox 421 1897 667 1947; x_wconf 86' lang='lat' dir='ltr'>claritatem,</span> <span class='ocrx_word' id='word_1_370' title='bbox 686 1912 768 1938; x_wconf 91' lang='lat' dir='ltr'>non</span> <span class='ocrx_word' id='word_1_371' title='bbox 786 1912 883 1938; x_wconf 83' lang='lat' dir='ltr'>vero</span> <span class='ocrx_word' id='word_1_372' title='bbox 900 1898 1150 1939; x_wconf 85' lang='lat' dir='ltr'>charitatem</span> <span class='ocrx_word' id='word_1_373' title='bbox 1169 1899 1382 1939; x_wconf 86' lang='lat' dir='ltr'>meruerit.</span> <span class='ocrx_word' id='word_1_374' title='bbox 1401 1899 1594 1940; x_wconf 89' lang='lat' dir='ltr'>XXXIV.</span> <span class='ocrx_word' id='word_1_375' title='bbox 1619 1900 1758 1942; x_wconf 73' lang='lat' dir='ltr'>Probl.</span> <span class='ocrx_word' id='word_1_376' title='bbox 1778 1898 1847 1939; x_wconf 89' lang='lat' dir='ltr'>An</span> <span class='ocrx_word' id='word_1_377' title='bbox 1865 1899 2058 1939; x_wconf 69' lang='lat' dir='ltr'>distincte</span> <span class='ocrx_word' id='word_1_378' title='bbox 2077 1899 2256 1952; x_wconf 82' lang='lat' dir='ltr'>gloriam</span> 
     </span>
     <span class='ocr_line' id='line_1_31' title="bbox 317 1953 2255 2011; baseline 0.001 -17"><span class='ocrx_word' id='word_1_379' title='bbox 317 1953 524 1996; x_wconf 88' lang='lat' dir='ltr'>humanae</span> <span class='ocrx_word' id='word_1_380' title='bbox 555 1958 744 2007; x_wconf 83' lang='lat' dir='ltr'>naturae,</span> <span class='ocrx_word' id='word_1_381' title='bbox 763 1959 846 2010; x_wconf 77' lang='lat' dir='ltr'>qua</span> <span class='ocrx_word' id='word_1_382' title='bbox 863 1957 951 1998; x_wconf 87' lang='lat' dir='ltr'>scil.</span> <span class='ocrx_word' id='word_1_383' title='bbox 970 1957 1197 2011; x_wconf 89' lang='lat' dir='ltr'>singularis</span> <span class='ocrx_word' id='word_1_384' title='bbox 1214 1957 1289 1998; x_wconf 90' lang='lat' dir='ltr'>illa</span> <span class='ocrx_word' id='word_1_385' title='bbox 1311 1960 1501 1998; x_wconf 88' lang='lat' dir='ltr'>creatura</span> <span class='ocrx_word' id='word_1_386' title='bbox 1518 1958 1735 1999; x_wconf 86' lang='lat' dir='ltr'>rationalis</span> <span class='ocrx_word' id='word_1_387' title='bbox 1760 1960 1833 2005; x_wconf 86' lang='lat' dir='ltr'>est,</span> <span class='ocrx_word' id='word_1_388' title='bbox 1858 1957 1900 1998; x_wconf 88' lang='lat' dir='ltr'>h.</span> <span class='ocrx_word' id='word_1_389' title='bbox 1924 1972 1958 1998; x_wconf 89' lang='lat' dir='ltr'>e.</span> <span class='ocrx_word' id='word_1_390' title='bbox 1983 1957 2255 2011; x_wconf 85' lang='lat' dir='ltr'>glorificatio-</span> 
     </span>
     <span class='ocr_line' id='line_1_32' title="bbox 314 2014 2255 2072; baseline 0.002 -20"><span class='ocrx_word' id='word_1_391' title='bbox 314 2027 410 2053; x_wconf 88' lang='lat' dir='ltr'>nem</span> <span class='ocrx_word' id='word_1_392' title='bbox 447 2014 643 2067; x_wconf 86' lang='lat' dir='ltr'>corporis,</span> <span class='ocrx_word' id='word_1_393' title='bbox 682 2015 711 2056; x_wconf 82' lang='lat'>&amp;</span> <span class='ocrx_word' id='word_1_394' title='bbox 734 2015 898 2056; x_wconf 88' lang='lat' dir='ltr'>animae</span> <span class='ocrx_word' id='word_1_395' title='bbox 915 2015 1313 2069; x_wconf 86' lang='lat' dir='ltr'>impassibilitatem.</span> <span class='ocrx_word' id='word_1_396' title='bbox 1350 2018 1465 2070; x_wconf 74' lang='lat' dir='ltr'>Hesp.</span> <span class='ocrx_word' id='word_1_397' title='bbox 1486 2016 1571 2072; x_wconf 80' lang='lat' dir='ltr'>Aff.</span> <span class='ocrx_word' id='word_1_398' title='bbox 1588 2016 1833 2058; x_wconf 72' lang='lat' dir='ltr'>Selzolastici.</span> <span class='ocrx_word' id='word_1_399' title='bbox 1869 2016 1934 2056; x_wconf 83' lang='lat' dir='ltr'>Ex</span> <span class='ocrx_word' id='word_1_400' title='bbox 1951 2015 2105 2056; x_wconf 86' lang='lat' dir='ltr'>nostris</span> <span class='ocrx_word' id='word_1_401' title='bbox 2124 2015 2255 2068; x_wconf 87' lang='lat' dir='ltr'>aliqui</span> 
     </span>
     <span class='ocr_line' id='line_1_33' title="bbox 316 2071 2254 2129; baseline 0.001 -18"><span class='ocrx_word' id='word_1_402' title='bbox 316 2071 508 2112; x_wconf 87' lang='lat' dir='ltr'>videntur</span> <span class='ocrx_word' id='word_1_403' title='bbox 540 2087 708 2126; x_wconf 86' lang='lat' dir='ltr'>negare,</span> <span class='ocrx_word' id='word_1_404' title='bbox 744 2076 790 2114; x_wconf 89' lang='lat' dir='ltr'>ut</span> <span class='ocrx_word' id='word_1_405' title='bbox 824 2074 1033 2115; x_wconf 71' lang='lat' dir='ltr'>Zcmclzius</span> <span class='ocrx_word' id='word_1_406' title='bbox 1066 2076 1095 2116; x_wconf 66' lang='grc'>81</span> <span class='ocrx_word' id='word_1_407' title='bbox 1130 2074 1332 2125; x_wconf 73' lang='lat' dir='ltr'>Piscator,</span> <span class='ocrx_word' id='word_1_408' title='bbox 1367 2075 1438 2128; x_wconf 86' lang='lat' dir='ltr'>qui</span> <span class='ocrx_word' id='word_1_409' title='bbox 1456 2075 1636 2129; x_wconf 80' lang='lat' dir='ltr'>gloriam</span> <span class='ocrx_word' id='word_1_410' title='bbox 1658 2074 1902 2116; x_wconf 85' lang='lat' dir='ltr'>Mediatoris</span> <span class='ocrx_word' id='word_1_411' title='bbox 1921 2073 2096 2114; x_wconf 72' lang='lat' dir='ltr'>exaltati</span> <span class='ocrx_word' id='word_1_412' title='bbox 2114 2073 2156 2113; x_wconf 90' lang='lat' dir='ltr'>in</span> <span class='ocrx_word' id='word_1_413' title='bbox 2180 2088 2254 2114; x_wconf 88' lang='lat' dir='ltr'>suo</span> 
     </span>
     <span class='ocr_line' id='line_1_34' title="bbox 314 2131 2254 2185; baseline 0.002 -16"><span class='ocrx_word' id='word_1_414' title='bbox 314 2143 456 2183; x_wconf 83' lang='lat' dir='ltr'>regnO,</span> <span class='ocrx_word' id='word_1_415' title='bbox 494 2131 645 2171; x_wconf 87' lang='lat' dir='ltr'>merito</span> <span class='ocrx_word' id='word_1_416' title='bbox 671 2131 804 2185; x_wconf 88' lang='lat' dir='ltr'>ipsius</span> <span class='ocrx_word' id='word_1_417' title='bbox 822 2133 1076 2173; x_wconf 88' lang='lat' dir='ltr'>adscribunt.</span> <span class='ocrx_word' id='word_1_418' title='bbox 1111 2132 1297 2181; x_wconf 83' lang='lat' dir='ltr'>Quorum</span> <span class='ocrx_word' id='word_1_419' title='bbox 1315 2133 1568 2174; x_wconf 89' lang='lat' dir='ltr'>sententiam</span> <span class='ocrx_word' id='word_1_420' title='bbox 1585 2133 1804 2174; x_wconf 83' lang='lat' dir='ltr'>confirmat</span> <span class='ocrx_word' id='word_1_421' title='bbox 1826 2132 2036 2185; x_wconf 44' lang='lat' dir='ltr'>Altlquessuss</span> <span class='ocrx_word' id='word_1_422' title='bbox 2053 2133 2098 2173; x_wconf 72' lang='lat' dir='ltr'>in</span> <span class='ocrx_word' id='word_1_423' title='bbox 2116 2131 2254 2173; x_wconf 79' lang='lat' dir='ltr'>Probl.</span> 
     </span>
     <span class='ocr_line' id='line_1_35' title="bbox 312 2189 2254 2246; baseline 0.002 -19"><span class='ocrx_word' id='word_1_424' title='bbox 312 2196 429 2241; x_wconf 75' lang='lat' dir='ltr'>part.</span> <span class='ocrx_word' id='word_1_425' title='bbox 447 2190 483 2230; x_wconf 90' lang='grc'>1.</span> <span class='ocrx_word' id='word_1_426' title='bbox 499 2189 633 2242; x_wconf 68' lang='lat' dir='ltr'>probb.</span> <span class='ocrx_word' id='word_1_427' title='bbox 651 2190 720 2231; x_wconf 79' lang='lat'>43.</span> <span class='ocrx_word' id='word_1_428' title='bbox 745 2189 824 2231; x_wconf 68' lang='lat' dir='ltr'>Sed</span> <span class='ocrx_word' id='word_1_429' title='bbox 842 2206 936 2231; x_wconf 88' lang='grc'><strong>011111</strong></span> <span class='ocrx_word' id='word_1_430' title='bbox 956 2191 1111 2244; x_wconf 82' lang='lat' dir='ltr'>triplex</span> <span class='ocrx_word' id='word_1_431' title='bbox 1129 2192 1264 2245; x_wconf 81' lang='lat' dir='ltr'>gloria</span> <span class='ocrx_word' id='word_1_432' title='bbox 1283 2191 1439 2232; x_wconf 81' lang='lat' dir='ltr'>Christi</span> <span class='ocrx_word' id='word_1_433' title='bbox 1459 2194 1482 2232; x_wconf 75' lang='lat' dir='ltr'>a</span> <span class='ocrx_word' id='word_1_434' title='bbox 1499 2192 1652 2232; x_wconf 85' lang='lat' dir='ltr'>nostris</span> <span class='ocrx_word' id='word_1_435' title='bbox 1676 2192 1803 2246; x_wconf 88' lang='lat' dir='ltr'>(inter</span> <span class='ocrx_word' id='word_1_436' title='bbox 1821 2206 1923 2245; x_wconf 87' lang='lat' dir='ltr'>quos</span> <span class='ocrx_word' id='word_1_437' title='bbox 1949 2191 2188 2246; x_wconf 78' lang='lat' dir='ltr'>Polyamlcr</span> <span class='ocrx_word' id='word_1_438' title='bbox 2209 2191 2254 2231; x_wconf 75' lang='lat' dir='ltr'>in</span> 
     </span>
     <span class='ocr_line' id='line_1_36' title="bbox 312 2248 2253 2303; baseline 0.002 -17"><span class='ocrx_word' id='word_1_439' title='bbox 312 2255 521 2289; x_wconf 69' lang='lat' dir='ltr'>concertat.</span> <span class='ocrx_word' id='word_1_440' title='bbox 535 2261 628 2289; x_wconf 77' lang='lat' dir='ltr'>cum</span> <span class='ocrx_word' id='word_1_441' title='bbox 643 2249 892 2302; x_wconf 70' lang='lat' dir='ltr'>Socinianis)</span> <span class='ocrx_word' id='word_1_442' title='bbox 911 2249 1082 2289; x_wconf 79' lang='lat' dir='ltr'>distinte</span> <span class='ocrx_word' id='word_1_443' title='bbox 1095 2251 1124 2291; x_wconf 74' lang='grc'>81</span> <span class='ocrx_word' id='word_1_444' title='bbox 1140 2251 1252 2290; x_wconf 77' lang='lat' dir='ltr'>recte</span> <span class='ocrx_word' id='word_1_445' title='bbox 1265 2250 1560 2300; x_wconf 86' lang='lat' dir='ltr'>consideretur,</span> <span class='ocrx_word' id='word_1_446' title='bbox 1574 2252 1655 2303; x_wconf 75' lang='lat' dir='ltr'>qua</span> <span class='ocrx_word' id='word_1_447' title='bbox 1666 2249 1984 2299; x_wconf 86' lang='lat' dir='ltr'>hominisillius,</span> <span class='ocrx_word' id='word_1_448' title='bbox 1999 2251 2081 2302; x_wconf 78' lang='lat' dir='ltr'>qua</span> <span class='ocrx_word' id='word_1_449' title='bbox 2094 2248 2253 2289; x_wconf 87' lang='lat' dir='ltr'>Media-</span> 
     </span>
     <span class='ocr_line' id='line_1_37' title="bbox 316 2305 2253 2361; baseline 0.002 -17"><span class='ocrx_word' id='word_1_450' title='bbox 316 2305 419 2345; x_wconf 88' lang='lat' dir='ltr'>toris</span> <span class='ocrx_word' id='word_1_451' title='bbox 437 2306 560 2359; x_wconf 87' lang='lat' dir='ltr'>idque</span> <span class='ocrx_word' id='word_1_452' title='bbox 579 2307 803 2348; x_wconf 84' lang='lat' dir='ltr'>secundum</span> <span class='ocrx_word' id='word_1_453' title='bbox 815 2311 1036 2361; x_wconf 86' lang='lat' dir='ltr'>utramque</span> <span class='ocrx_word' id='word_1_454' title='bbox 1059 2311 1268 2359; x_wconf 87' lang='lat' dir='ltr'>naturam,</span> <span class='ocrx_word' id='word_1_455' title='bbox 1287 2309 1349 2349; x_wconf 91' lang='lat' dir='ltr'>uti</span> <span class='ocrx_word' id='word_1_456' title='bbox 1366 2308 1477 2348; x_wconf 82' lang='lat' dir='ltr'>infra</span> <span class='ocrx_word' id='word_1_457' title='bbox 1496 2309 1673 2357; x_wconf 86' lang='lat' dir='ltr'>dicetur)</span> <span class='ocrx_word' id='word_1_458' title='bbox 1691 2310 1719 2350; x_wconf 74' lang='grc'>81</span> <span class='ocrx_word' id='word_1_459' title='bbox 1738 2310 1820 2361; x_wconf 73' lang='lat' dir='ltr'>qua</span> <span class='ocrx_word' id='word_1_460' title='bbox 1842 2307 1922 2349; x_wconf 89' lang='lat' dir='ltr'>Dei</span> <span class='ocrx_word' id='word_1_461' title='bbox 1941 2308 2140 2355; x_wconf 67' lang='grc' dir='ltr'>ὀμεουο-ἱου</span> <span class='ocrx_word' id='word_1_462' title='bbox 2158 2321 2253 2347; x_wconf 86' lang='grc'><strong>011111</strong></span> 
     </span>
     <span class='ocr_line' id='line_1_38' title="bbox 316 2362 2252 2420; baseline 0.002 -19"><span class='ocrx_word' id='word_1_463' title='bbox 316 2362 440 2404; x_wconf 87' lang='lat' dir='ltr'>Patre</span> <span class='ocrx_word' id='word_1_464' title='bbox 464 2366 492 2406; x_wconf 61' lang='grc' dir='ltr'>ἃ</span> <span class='ocrx_word' id='word_1_465' title='bbox 510 2363 671 2417; x_wconf 84' lang='lat' dir='ltr'>Spiritu</span> <span class='ocrx_word' id='word_1_466' title='bbox 690 2364 842 2406; x_wconf 83' lang='lat' dir='ltr'>Sancto</span> <span class='ocrx_word' id='word_1_467' title='bbox 866 2366 1056 2406; x_wconf 75' lang='lat' dir='ltr'>absolute</span> <span class='ocrx_word' id='word_1_468' title='bbox 1075 2367 1347 2407; x_wconf 84' lang='lat' dir='ltr'>considerati:</span> <span class='ocrx_word' id='word_1_469' title='bbox 1368 2382 1449 2407; x_wconf 90' lang='lat' dir='ltr'>non</span> <span class='ocrx_word' id='word_1_470' title='bbox 1473 2366 1590 2407; x_wconf 86' lang='lat' dir='ltr'>video</span> <span class='ocrx_word' id='word_1_471' title='bbox 1608 2382 1680 2407; x_wconf 87' lang='lat' dir='ltr'>cur</span> <span class='ocrx_word' id='word_1_472' title='bbox 1697 2366 1775 2407; x_wconf 90' lang='lat' dir='ltr'>hoc</span> <span class='ocrx_word' id='word_1_473' title='bbox 1791 2367 1939 2420; x_wconf 86' lang='lat' dir='ltr'>negari</span> <span class='ocrx_word' id='word_1_474' title='bbox 1957 2366 2118 2408; x_wconf 88' lang='lat' dir='ltr'>debeat.</span> <span class='ocrx_word' id='word_1_475' title='bbox 2140 2366 2252 2406; x_wconf 77' lang='lat' dir='ltr'>Zan-</span> 
     </span>
     <span class='ocr_line' id='line_1_39' title="bbox 314 2421 2253 2478; baseline 0.002 -18"><span class='ocrx_word' id='word_1_476' title='bbox 314 2421 431 2462; x_wconf 75' lang='lat' dir='ltr'>chius</span> <span class='ocrx_word' id='word_1_477' title='bbox 463 2423 510 2463; x_wconf 80' lang='lat' dir='ltr'>(le</span> <span class='ocrx_word' id='word_1_478' title='bbox 543 2424 833 2466; x_wconf 69' lang='lat' dir='ltr'>lncarmuione</span> <span class='ocrx_word' id='word_1_479' title='bbox 861 2438 956 2478; x_wconf 68' lang='lat' dir='ltr'>pay.</span> <span class='ocrx_word' id='word_1_480' title='bbox 987 2425 1084 2464; x_wconf 68' lang='lat'>495.</span> <span class='ocrx_word' id='word_1_481' title='bbox 1104 2425 1202 2465; x_wconf 85' lang='lat' dir='ltr'>edit.</span> <span class='ocrx_word' id='word_1_482' title='bbox 1226 2425 1269 2464; x_wconf 91' lang='lat' dir='ltr'>in</span> <span class='ocrx_word' id='word_1_483' title='bbox 1289 2426 1326 2465; x_wconf 78' lang='lat' dir='ltr'>S.</span> <span class='ocrx_word' id='word_1_484' title='bbox 1352 2425 1503 2465; x_wconf 87' lang='lat' dir='ltr'>statuit</span> <span class='ocrx_word' id='word_1_485' title='bbox 1521 2424 1735 2465; x_wconf 87' lang='lat' dir='ltr'>Christum</span> <span class='ocrx_word' id='word_1_486' title='bbox 1753 2425 1932 2465; x_wconf 73' lang='lat' dir='ltr'>Jolzmm.</span> <span class='ocrx_word' id='word_1_487' title='bbox 1955 2425 2018 2464; x_wconf 86' lang='lat'>17.</span> <span class='ocrx_word' id='word_1_488' title='bbox 2045 2423 2253 2477; x_wconf 85' lang='lat' dir='ltr'>duplicem</span> 
     </span>
     <span class='ocr_line' id='line_1_40' title="bbox 316 2479 2253 2535; baseline 0.002 -17"><span class='ocrx_word' id='word_1_489' title='bbox 316 2479 663 2531; x_wconf 81' lang='lat' dir='ltr'>glorificationem</span> <span class='ocrx_word' id='word_1_490' title='bbox 695 2482 879 2535; x_wconf 88' lang='lat' dir='ltr'>petiisse,</span> <span class='ocrx_word' id='word_1_491' title='bbox 914 2497 1037 2523; x_wconf 85' lang='lat' dir='ltr'>unani</span> <span class='ocrx_word' id='word_1_492' title='bbox 1073 2483 1362 2528; x_wconf 86' lang='lat' dir='ltr'>humanitatis.</span> <span class='ocrx_word' id='word_1_493' title='bbox 1393 2483 1568 2523; x_wconf 87' lang='lat' dir='ltr'>alteram</span> <span class='ocrx_word' id='word_1_494' title='bbox 1587 2482 1783 2524; x_wconf 88' lang='lat' dir='ltr'>Deitatis.</span> <span class='ocrx_word' id='word_1_495' title='bbox 1818 2482 2084 2535; x_wconf 85' lang='lat' dir='ltr'>Putem-ergo</span> <span class='ocrx_word' id='word_1_496' title='bbox 2102 2482 2253 2521; x_wconf 88' lang='lat' dir='ltr'>horum</span> 
     </span>
     <span class='ocr_line' id='line_1_41' title="bbox 316 2537 2253 2594; baseline 0.001 -18"><span class='ocrx_word' id='word_1_497' title='bbox 316 2537 524 2578; x_wconf 87' lang='lat' dir='ltr'>Autorum</span> <span class='ocrx_word' id='word_1_498' title='bbox 543 2541 772 2581; x_wconf 85' lang='lat' dir='ltr'>sententias</span> <span class='ocrx_word' id='word_1_499' title='bbox 796 2541 905 2582; x_wconf 86' lang='lat' dir='ltr'>inter</span> <span class='ocrx_word' id='word_1_500' title='bbox 921 2556 963 2581; x_wconf 85' lang='lat' dir='ltr'>se</span> <span class='ocrx_word' id='word_1_501' title='bbox 980 2545 1008 2580; x_wconf 73' lang='lat' dir='ltr'>Sc</span> <span class='ocrx_word' id='word_1_502' title='bbox 1025 2556 1120 2582; x_wconf 89' lang='lat' dir='ltr'>cum</span> <span class='ocrx_word' id='word_1_503' title='bbox 1136 2543 1279 2582; x_wconf 75' lang='lat' dir='ltr'>nostra</span> <span class='ocrx_word' id='word_1_504' title='bbox 1297 2541 1453 2594; x_wconf 73' lang='lat' dir='ltr'>optime</span> <span class='ocrx_word' id='word_1_505' title='bbox 1472 2541 1682 2582; x_wconf 84' lang='lat' dir='ltr'>conciliari</span> <span class='ocrx_word' id='word_1_506' title='bbox 1703 2556 1837 2594; x_wconf 83' lang='lat' dir='ltr'>posse.</span> <span class='ocrx_word' id='word_1_507' title='bbox 1856 2541 1937 2589; x_wconf 75' lang='lat' dir='ltr'>Qui</span> <span class='ocrx_word' id='word_1_508' title='bbox 1955 2540 2064 2581; x_wconf 88' lang='lat' dir='ltr'>enim</span> <span class='ocrx_word' id='word_1_509' title='bbox 2082 2541 2253 2593; x_wconf 87' lang='lat' dir='ltr'>propter</span> 
     </span>
     <span class='ocr_line' id='line_1_42' title="bbox 315 2595 2251 2654; baseline 0.002 -20"><span class='ocrx_word' id='word_1_510' title='bbox 315 2595 513 2636; x_wconf 87' lang='lat' dir='ltr'>meritum</span> <span class='ocrx_word' id='word_1_511' title='bbox 545 2597 807 2639; x_wconf 80' lang='lat' dir='ltr'>obedientiae</span> <span class='ocrx_word' id='word_1_512' title='bbox 841 2599 960 2654; x_wconf 89' lang='lat' dir='ltr'>[pag.</span> <span class='ocrx_word' id='word_1_513' title='bbox 995 2600 1098 2653; x_wconf 77' lang='lat'>280]</span> <span class='ocrx_word' id='word_1_514' title='bbox 1133 2600 1418 2651; x_wconf 83' lang='lat' dir='ltr'>mediatoriae,</span> <span class='ocrx_word' id='word_1_515' title='bbox 1452 2600 1631 2654; x_wconf 86' lang='lat' dir='ltr'>gloriam</span> <span class='ocrx_word' id='word_1_516' title='bbox 1649 2599 1940 2640; x_wconf 86' lang='lat' dir='ltr'>mediatoriam</span> <span class='ocrx_word' id='word_1_517' title='bbox 1957 2598 2038 2652; x_wconf 86' lang='lat' dir='ltr'>ipsi</span> <span class='ocrx_word' id='word_1_518' title='bbox 2056 2598 2251 2638; x_wconf 85' lang='lat' dir='ltr'>collatam</span> 
     </span>
     <span class='ocr_line' id='line_1_43' title="bbox 317 2652 2251 2711; baseline 0.002 -20"><span class='ocrx_word' id='word_1_519' title='bbox 317 2652 430 2702; x_wconf 86' lang='lat' dir='ltr'>dicit,</span> <span class='ocrx_word' id='word_1_520' title='bbox 468 2668 551 2694; x_wconf 89' lang='lat' dir='ltr'>non</span> <span class='ocrx_word' id='word_1_521' title='bbox 584 2660 710 2709; x_wconf 83' lang='lat' dir='ltr'>negat</span> <span class='ocrx_word' id='word_1_522' title='bbox 748 2657 944 2697; x_wconf 83' lang='lat' dir='ltr'>meritum</span> <span class='ocrx_word' id='word_1_523' title='bbox 977 2658 1006 2699; x_wconf 80' lang='lat'>&amp;</span> <span class='ocrx_word' id='word_1_524' title='bbox 1039 2672 1294 2710; x_wconf 82' lang='lat' dir='ltr'>consequens</span> <span class='ocrx_word' id='word_1_525' title='bbox 1322 2658 1556 2711; x_wconf 85' lang='lat' dir='ltr'>praemium</span> <span class='ocrx_word' id='word_1_526' title='bbox 1579 2658 1763 2710; x_wconf 84' lang='lat' dir='ltr'>ejusdem</span> <span class='ocrx_word' id='word_1_527' title='bbox 1781 2657 2006 2699; x_wconf 88' lang='lat' dir='ltr'>secundum</span> <span class='ocrx_word' id='word_1_528' title='bbox 2023 2656 2251 2696; x_wconf 86' lang='lat' dir='ltr'>humanam</span> 
     </span>
     <span class='ocr_line' id='line_1_44' title="bbox 319 2710 2249 2769; baseline 0.002 -19"><span class='ocrx_word' id='word_1_529' title='bbox 319 2710 575 2764; x_wconf 86' lang='lat' dir='ltr'>singularem</span> <span class='ocrx_word' id='word_1_530' title='bbox 604 2713 721 2754; x_wconf 88' lang='lat' dir='ltr'>illam</span> <span class='ocrx_word' id='word_1_531' title='bbox 753 2718 948 2756; x_wconf 86' lang='lat' dir='ltr'>naturam</span> <span class='ocrx_word' id='word_1_532' title='bbox 981 2716 1254 2763; x_wconf 73' lang='lat' dir='ltr'>considerati3</span> <span class='ocrx_word' id='word_1_533' title='bbox 1289 2731 1359 2757; x_wconf 84' lang='lat' dir='ltr'>seu</span> <span class='ocrx_word' id='word_1_534' title='bbox 1379 2718 1425 2757; x_wconf 87' lang='lat' dir='ltr'>ut</span> <span class='ocrx_word' id='word_1_535' title='bbox 1441 2716 1708 2769; x_wconf 83' lang='lat' dir='ltr'>particularis</span> <span class='ocrx_word' id='word_1_536' title='bbox 1726 2716 1847 2757; x_wconf 85' lang='lat' dir='ltr'>istius</span> <span class='ocrx_word' id='word_1_537' title='bbox 1866 2714 2061 2756; x_wconf 89' lang='lat' dir='ltr'>hominis.</span> <span class='ocrx_word' id='word_1_538' title='bbox 2074 2712 2249 2754; x_wconf 87' lang='lat' dir='ltr'>XXXV.</span> 
     </span>
     <span class='ocr_line' id='line_1_45' title="bbox 319 2768 2251 2830; baseline 0.002 -22"><span class='ocrx_word' id='word_1_539' title='bbox 319 2768 452 2810; x_wconf 76' lang='lat' dir='ltr'>l’robl.</span> <span class='ocrx_word' id='word_1_540' title='bbox 472 2769 536 2809; x_wconf 79' lang='lat' dir='ltr'>An</span> <span class='ocrx_word' id='word_1_541' title='bbox 556 2771 733 2823; x_wconf 80' lang='lat' dir='ltr'>gloriam</span> <span class='ocrx_word' id='word_1_542' title='bbox 753 2772 1069 2814; x_wconf 81' lang='lat' dir='ltr'>Oeconomicam</span> <span class='ocrx_word' id='word_1_543' title='bbox 1087 2775 1170 2826; x_wconf 75' lang='lat' dir='ltr'>qua</span> <span class='ocrx_word' id='word_1_544' title='bbox 1187 2773 1430 2815; x_wconf 85' lang='lat' dir='ltr'>Mediatoris</span> <span class='ocrx_word' id='word_1_545' title='bbox 1445 2778 1463 2815; x_wconf 71' lang='lat'>⁶?</span> <span class='ocrx_word' id='word_1_546' title='bbox 1497 2776 1613 2829; x_wconf 72' lang='lat' dir='ltr'>Hesp.</span> <span class='ocrx_word' id='word_1_547' title='bbox 1633 2776 1712 2830; x_wconf 78' lang='lat' dir='ltr'>Aff.</span> <span class='ocrx_word' id='word_1_548' title='bbox 1733 2789 1782 2815; x_wconf 84' lang='lat' dir='ltr'>ex</span> <span class='ocrx_word' id='word_1_549' title='bbox 1802 2773 1921 2815; x_wconf 77' lang='lat' dir='ltr'>Hebr.</span> <span class='ocrx_word' id='word_1_550' title='bbox 1941 2774 1979 2813; x_wconf 91' lang='grc'>2.</span> <span class='ocrx_word' id='word_1_551' title='bbox 1998 2786 2101 2813; x_wconf 67' lang='lat' dir='ltr'>vers.</span> <span class='ocrx_word' id='word_1_552' title='bbox 2121 2772 2160 2812; x_wconf 82' lang='grc'>9.</span> <span class='ocrx_word' id='word_1_553' title='bbox 2185 2772 2251 2812; x_wconf 88' lang='grc'>10.</span> 
     </span>
     <span class='ocr_line' id='line_1_46' title="bbox 317 2827 2252 2884; baseline 0.001 -17"><span class='ocrx_word' id='word_1_554' title='bbox 317 2828 345 2867; x_wconf 70' lang='grc'>81</span> <span class='ocrx_word' id='word_1_555' title='bbox 392 2827 457 2868; x_wconf 85' lang='grc'>12.</span> <span class='ocrx_word' id='word_1_556' title='bbox 491 2828 529 2867; x_wconf 84' lang='grc'>2.</span> <span class='ocrx_word' id='word_1_557' title='bbox 565 2828 671 2870; x_wconf 76' lang='lat' dir='ltr'>Jesa.</span> <span class='ocrx_word' id='word_1_558' title='bbox 706 2831 773 2870; x_wconf 82' lang='grc'><strong>53.</strong></span> <span class='ocrx_word' id='word_1_559' title='bbox 806 2832 871 2870; x_wconf 87' lang='grc'>11.</span> <span class='ocrx_word' id='word_1_560' title='bbox 910 2831 1025 2872; x_wconf 82' lang='lat' dir='ltr'>Hanc</span> <span class='ocrx_word' id='word_1_561' title='bbox 1043 2833 1294 2873; x_wconf 79' lang='lat' dir='ltr'>sententiam</span> <span class='ocrx_word' id='word_1_562' title='bbox 1312 2833 1469 2873; x_wconf 84' lang='lat' dir='ltr'>habent</span> <span class='ocrx_word' id='word_1_563' title='bbox 1489 2833 1712 2882; x_wconf 60' lang='lat' dir='ltr'>Zmin-hiem,</span> <span class='ocrx_word' id='word_1_564' title='bbox 1737 2832 1932 2881; x_wconf 65' lang='lat' dir='ltr'>Piscator,</span> <span class='ocrx_word' id='word_1_565' title='bbox 1952 2831 2106 2884; x_wconf 85' lang='lat' dir='ltr'>aliique</span> <span class='ocrx_word' id='word_1_566' title='bbox 2125 2843 2252 2883; x_wconf 87' lang='lat' dir='ltr'>supra</span> 
     </span>
    </p>

    <p class='ocr_par' dir='ltr' id='par_1_5' title="bbox 2135 2887 2252 2928">
     <span class='ocr_line' id='line_1_47' title="bbox 2135 2887 2252 2928; baseline 0 -1"><span class='ocrx_word' id='word_1_567' title='bbox 2135 2887 2252 2928; x_wconf 77' lang='lat' dir='ltr'>citati</span> 
     </span>
    </p>
   </div>
  </div>
 </body>
</html>
