2399 3084
297 84 380 125 352
738 80 895 123 Disr.
929 80 1806 124 XII.DELEGEETEUANGEL10.

294 203 547 258 temporales
569 204 661 243 tum
685 205 891 245 aeternas.
924 202 988 245 De
1005 203 1308 258 posterioribus
1339 203 1452 245 infra
1470 206 1710 258 quaeretur.
1742 203 1848 246 Esse
1870 205 2168 260 promissiones
2185 206 2249 248 10-

295 263 412 318 gales
445 263 610 304 constat
641 276 692 303 ex
722 262 845 304 Levit.
864 262 933 303 26.
952 262 1119 304 Denter.
1134 263 1202 304 28.
1226 263 1321 304 0011.
1345 262 1464 319 [pag.
1485 262 1561 318 31]
1580 278 1674 304 cum
1686 263 1808 305 Levit.
1837 265 1900 304 13.
1919 278 1956 306 v.
1979 264 2018 307 4.
2038 263 2250 306 Probatur

295 322 424 363 etiam
456 335 505 362 ex
536 319 779 362 definitione
812 320 1117 375 promissionis.
1151 320 1417 363 Generaliter
1438 321 1663 375 promissio
1695 321 1910 376 quaelibet
1942 322 2029 365 sive
2060 323 2141 364 Dei
2159 323 2247 365 sive

295 379 478 421 hominis
510 382 574 421 est
609 379 811 420 revelatio
843 379 1034 421 veritatis
1073 380 1249 434 alicujus
1283 381 1332 422 de
1358 380 1562 422 beneficio
1580 379 1666 422 sive
1684 383 1832 435 sponte
1849 381 1937 423 sive
1954 396 2005 423 ex
2021 385 2143 436 pacto
2161 382 2247 424 illis

294 439 435 480 oblato
453 441 527 479 aut
544 437 795 480 conferendo
824 438 977 493 quibus
995 439 1044 480 fit
1065 438 1304 493 promissio.
1328 437 1577 493 Specialiter
1588 439 1811 493 promissio
1829 440 1971 481 divina
1994 443 2057 482 est
2074 443 2247 482 externa

293 497 519 539 declaratio
541 497 570 538 &
589 497 853 539 denuntiatio
873 498 1079 539 bonorum
1097 497 1218 539 nobis
1235 497 1480 539 hominibus
1497 498 1742 540 dandorum.

352 555 449 598 VII.
489 555 651 608 Qaaest.
687 557 755 598 An
784 556 1081 611 promissiones
1113 558 1354 610 temporales
1385 556 1638 612 quibasdam
1669 571 1756 598 non
1787 558 2001 599 salvandis
2027 558 2250 612 praestitae

295 615 484 671 (Ismaeli
501 614 651 656 Genes.
673 615 740 656 17.
759 630 796 656 v.
815 615 886 669 20)
910 617 995 658 sint
1018 615 1129 670 lepis,
1147 629 1204 657 an
1225 616 1448 671 Eaanqetii
1460 618 1478 657 P
1499 617 1618 669 Resp.
1642 615 1781 671 Legis.
1814 615 1872 658 Et
1903 615 2051 658 referri
2073 619 2249 671 possunt

294 675 345 716 ad
375 676 759 740 temperamentum
796 674 902 715 illud
925 675 1038 727 quod
1063 674 1178 715 Deus
1197 675 1249 715 ad
1270 675 1427 716 bonum
1444 674 1643 723 universi,
1662 676 1692 717 a
1715 677 1886 729 propter
1904 675 2124 716 ecclesiam
2141 690 2247 729 quae

294 733 416 774 estin
432 733 512 774 hoc
528 733 698 782 mundo,
716 732 825 774 circa
847 732 1130 774 irritationem
1149 733 1303 775 veteris
1320 733 1500 775 foederis
1524 733 1723 775 adhibere
1742 733 1888 775 voluit.
1921 734 1985 775 De
2019 748 2100 788 quo
2129 734 2247 776 docte

293 792 484 835 Amesias
502 791 569 833 til).
600 793 634 834 l.
654 791 859 834 Medallae
880 792 1016 858 capst

352 850 472 892 VIII.
508 851 671 904 Quaest.
695 850 761 892 An
775 812 1072 905 promissiones
1090 853 1332 905 tempotales
1348 851 1477 893 electis
1499 849 1540 893 Hc
1555 851 1746 904 fidelihus
1762 822 1980 906 praestitae
2002 852 2085 893 sint
2102 851 2247 894 Eaan-

290 910 396 966 qelt'i.
430 909 553 963 Resp.
586 910 667 965 Aff.
702 909 810 959 (Quia
847 909 1040 951 absolute
1072 910 1334 951 necessariae
1362 913 1567 964 tanquam
1599 910 1921 964 praesupposita
1954 910 2247 965 spiiitualibus

292 969 446 1024 Euang
449 969 521 1010 elii
536 968 884 1022 picinissionibus
901 968 1196 1010 includuntur:
1215 969 1240 1010 1
1233 985 1257 1010 1
1281 969 1418 1023 specie
1436 983 1509 1010 vei
1511 984 1534 1010 o
1552 969 1581 1010 &
1599 969 1792 1010 absolute
1819 983 1902 1010 non
1919 969 2178 1011 necessariae
2196 969 2248 1010 ad

294 1028 426 1069 vitam
457 1027 634 1081 gratiae,
668 1027 740 1068 sed
775 1030 944 1068 tantum
976 1027 1028 1068 ad
1054 1027 1159 1069 bene
1178 1043 1267 1069 esse
1285 1027 1354 1069 hic
1372 1030 1446 1069 aut
1466 1042 1589 1079 nunc,
1613 1030 1711 1069 sunt
1727 1030 1931 1082 tanquam
1951 1028 2200 1083 appendices
2218 1028 2247 1069 &

296 1086 483 1128 auctaria
500 1085 825 1141 promissionum
842 1086 1140 1140 spiritualium.
1392 1111 1401 1118 ·

352 1144 426 1187 IX.
461 1146 625 1199 Qaaest.
660 1146 725 1187 An
740 1159 809 1186 eae
825 1145 909 1187 sint
926 1145 1146 1197 absolutae,
1164 1159 1222 1187 an
1239 1159 1333 1188 vero
1350 1146 1658 1189 conditionales.
1691 1145 1811 1200 Hesp.

356 1206 393 1246 l.
432 1203 566 1248 Conci.
598 1203 822 1245 Indefinite
840 1205 869 1247 ἃ
882 1204 1123 1258 disjunctim
1140 1205 1175 1246 si
1197 1204 1511 1246 considerentur
1534 1207 1632 1246 sunt
1651 1205 1893 1260 absolutae,
1917 1203 2006 1246 Aut
2022 1204 2102 1246 1100
2119 1204 2247 1246 bene-

295 1264 435 1305 ficium
465 1263 712 1317 temporale.
745 1266 818 1304 aut
846 1263 961 1304 aliud
992 1263 1163 1317 aliquod
1194 1264 1281 1305 sive
1308 1264 1541 1318 temporale
1558 1263 1644 1305 sive
1663 1262 1883 1317 spirituale
1900 1263 2158 1317 promittit&
2176 1263 2247 1304 dat

295 1322 410 1364 Deus
445 1322 594 1376 cuique
627 1321 836 1363 credenti:
875 1322 936 1363 ita
968 1325 1015 1363 ut
1046 1323 1240 1364 omnibus
1258 1323 1309 1363 ad
1326 1323 1432 1363 bene
1450 1337 1553 1374 esse,
1576 1323 1620 1363 in
1643 1321 1786 1363 ordine
1809 1323 1861 1363 ad
1882 1336 2050 1364 cursum
2068 1321 2246 1377 gratiae,

293 1383 322 1424 δι
355 1396 549 1423 coronam
586 1380 697 1422 vitae
725 1383 920 1422 aeternae
938 1396 1060 1423 nemo
1079 1382 1338 1423 credentium
1356 1384 1495 1422 careat
1518 1382 1556 1422 2.
1579 1381 1689 1424 Petr.
1717 1381 1754 1421 1.
1778 1395 1814 1422 υ.
1834 1381 1872 1421 3.
1900 1383 1938 1422 1.
1964 1381 2066 1424 Tim.
2092 1382 2130 1421 4.
2149 1394 2185 1422 υ.
2207 1380 2245 1422 8.

293 1440 416 1483 Ilcbr.
438 1440 504 1481 13.
523 1454 558 1481 v.
579 1440 617 1480 5.
638 1440 676 1480 6.
696 1438 929 1493 Nunquam
946 1440 1117 1481 enimin
1134 1440 1214 1481 hac
1231 1440 1318 1481 vita
1339 1440 1649 1482 benedictiones
1668 1439 1910 1494 spirituales
1927 1439 2016 1481 sine
2033 1439 2246 1494 aliquibus

291 1498 653 1541 benedictionibus
690 1499 995 1553 temporalibus
1032 1514 1120 1540 esse
1142 1502 1341 1553 possunt;
1375 1501 1404 1542 ἃ
1421 1499 1722 1553 conseqiienter
1738 1513 1814 1540 nec
1832 1498 2131 1553 promissiones
2149 1498 2246 1539 illa-

293 1573 399 1607 rum,
423 1558 514 1599 sine
530 1557 969 1611 compromissionibus
989 1558 1182 1600 istarum.

355 1618 394 1658 2.
431 1617 563 1659 Conci.
598 1615 813 1664 Quaedam
844 1617 1046 1671 speciales
1078 1616 1388 1658 benedictiones
1431 1617 1461 1659 81
1498 1616 1741 1658 donationes
1774 1616 1966 1657 absolute
1995 1617 2024 1659 &
2041 1619 2246 1670 tanquam

292 1675 477 1717 medium
499 1690 573 1716 seu
594 1675 728 1716 mavis
750 1675 1118 1730 praesuppositum
1136 1675 1225 1716 sine
1249 1690 1330 1730 quo
1352 1690 1448 1726 non,
1468 1677 1565 1716 sunt
1588 1674 1847 1716 necessariae
1865 1690 1926 1716 ex.
1946 1689 2010 1730 gr.
2027 1674 2070 1715 in
2090 1674 2244 1717 adultis

292 1750 366 1789 per
397 1734 522 1775 fidem
554 1734 762 1775 actualem
779 1733 975 1788 adjuncta
992 1734 1168 1776 caritate
1186 1737 1378 1775 ornatam
1396 1733 1621 1785 salvandis,
1639 1733 1794 1775 donum
1810 1733 2095 1788 productionis
2113 1734 2242 1785 vitae,

292 1796 321 1836 a
337 1793 688 1848 praeservationis
711 1795 735 1833 a
751 1793 875 1834 totali
896 1792 1181 1850 πκραῳροσ-ὑνῃ,
1221 1794 1348 1835 donec
1368 1793 1590 1834 actualiter
1607 1792 1795 1834 conversi
1811 1792 1852 1834 fu
1861 1792 1982 1834 erint.
2016 1792 2120 1846 Ejus
2140 1806 2242 1848 ergo

292 1852 389 1894 doni
418 1851 641 1906 promissio
670 1852 714 1892 in
747 1866 875 1894 manu
896 1852 1121 1906 sponsoris,
1149 1852 1216 1894 cui
1232 1852 1455 1894 salvandus
1472 1851 1544 1892 ille
1562 1851 1683 1892 datus
1701 1850 1796 1902 fuit,
1812 1851 1927 1893 facta
1944 1854 2008 1893 est
2030 1851 2237 1893 absoluta.

292 1910 445 1953 Confer
462 1912 500 1952 2.
521 1919 634 1966 part.
652 1911 778 1953 select.
803 1911 939 1966 dispp.
960 1911 1018 1953 tit.
1040 1912 1089 1953 de
1104 1918 1216 1953 staca
1231 1913 1447 1954 electorum
1465 1918 1560 1952 ante
1580 1910 1900 1952 conversionem.

352 1970 391 2012 3.
428 1970 563 2013 Conct.
580 1969 786 2024 Reliquae
802 1969 1102 2024 promissiones
1124 1971 1378 2024 temporales
1396 1969 1567 2011 definite
1585 1969 1884 2020 consideratae,
1915 1982 2022 2023 quae
2040 1968 2091 2010 ad
2108 1968 2240 2010 vitam

293 2029 457 2085 gratiae
474 2029 660 2084 praecise
683 2030 712 2072 81
735 2029 928 2071 absolute
945 2029 1205 2070 necessariae
1222 2044 1307 2070 non
1325 2030 1737 2083 praesupponuntur,
1756 2030 1854 2069 sunt
1872 2027 2193 2069 conditionatae.

353 2087 404 2129 X.
442 2088 607 2142 Qitaest.
624 2088 690 2130 An
706 2102 848 2129 omnes
859 2101 914 2142 pi
916 2088 1157 2130 omissiones
1172 2088 1411 2142 spirituales
1436 2087 1660 2142 Eaanqelio
1677 2094 1886 2129 contentae
1902 2087 1985 2129 sint
2005 2086 2244 2128 absolutae?

296 2148 417 2202 Resp.
432 2146 689 2189 Absolutum
706 2149 779 2188 aut
797 2146 1128 2188 conditionatum
1150 2146 1303 2188 dicitur
1321 2147 1387 2188 vel
1404 2149 1596 2201 respectu
1613 2145 1675 2187 rei
1696 2146 1939 2200 promissae,
1962 2145 2030 2186 vel
2051 2147 2244 2199 respectu

295 2207 427 2261 ipsius
450 2221 499 2260 pr
503 2205 754 2256 omissionis,
773 2220 846 2246 seu
864 2208 1056 2259 respectu
1072 2205 1154 2247 Dei
1171 2205 1470 2259 promittentis.

357 2265 394 2306 l.
432 2265 566 2307 Concl.
600 2263 645 2306 Si
658 2264 943 2306 consideretur
958 2264 1180 2318 promissio
1202 2264 1364 2305 ratione
1383 2263 1443 2305 rei
1460 2263 1705 2318 promissae,
1730 2263 1905 2305 dicimus
1925 2264 2135 2320 quandam
2154 2277 2244 2304 rem

296 2324 548 2379 promissam
565 2338 654 2365 esse
671 2323 923 2373 absolutam,
942 2325 966 2364 a
981 2323 1100 2364 nulla
1121 2322 1356 2364 conditione
1379 2325 1453 2363 aut
1469 2337 1512 2363 re
1535 2323 1804 2377 antecedente
1827 2337 2086 2377 suspensam,
2110 2335 2243 2376 quan-

297 2384 392 2424 dam
418 2397 508 2424 esse
525 2381 867 2424 conditionatam.
901 2380 970 2423 Sic
986 2396 1094 2423 nova
1110 2384 1301 2423 creatura
1318 2381 1433 2430 fides,
1452 2381 1755 2436 resipiscentia,
1785 2382 1902 2436 [pag.
1924 2381 2000 2436 32]
2019 2396 2092 2423 seu
2119 2379 2243 2434 spiri-

295 2444 363 2482 tus
395 2441 491 2482 fidei
524 2442 553 2483 81
583 2440 911 2494 resipiscentiae,
936 2455 1043 2494 quae
1074 2439 1189 2482 Deus
1218 2440 1262 2481 in
1284 2455 1391 2481 novo
1407 2439 1573 2481 foedere
1591 2440 1815 2494 promittit,
1835 2443 1858 2481 a
1874 2440 1991 2480 nulla
2008 2455 2052 2481 re
2075 2441 2241 2480 antece-

297 2500 419 2540 dente
442 2502 515 2540 aut
532 2499 766 2541 conditione
784 2499 827 2540 in
845 2499 965 2540 nobis
982 2499 1195 2553 implenda
1216 2501 1421 2552 tanquam
1453 2501 1477 2540 a
1498 2513 1623 2540 causa
1641 2501 1713 2540 aut
1729 2498 2046 2553 praeparatoria
2063 2497 2241 2552 disposi-

296 2558 423 2609 tione,
452 2561 525 2599 aut
551 2558 661 2599 nudo
695 2558 965 2599 antecedente
993 2558 1177 2599 habente
1209 2557 1480 2598 infallibilem
1499 2572 1593 2598 cuni
1611 2558 1746 2599 salute
1764 2557 2064 2599 connexionem
2087 2557 2241 2610 depen-

298 2616 418 2665 dent;
447 2616 546 2670 quia
567 2617 703 2671 prima
735 2619 832 2657 sunt
864 2631 970 2670 quae
987 2615 1102 2658 Deus
1119 2631 1193 2671 per
1211 2615 1393 2671 gratiam
1411 2616 1590 2670 primam
1608 2630 1682 2658 seu
1703 2615 2044 2670 praevenientem
2060 2615 2103 2656 in
2119 2613 2240 2655 nobis

296 2677 496 2728 operatur
516 2676 544 2717 81
562 2675 788 2728 imprimit3
808 2675 880 2716 ubi
898 2675 1102 2716 habemus
1120 2690 1194 2716 nos
1211 2676 1314 2729 pure
1337 2674 1515 2729 passive.
1548 2674 1700 2716 Confer
1717 2675 1822 2730 disp.
1842 2677 2030 2716 nostram
2047 2673 2097 2715 de
2118 2686 2240 2727 rege-

298 2733 525 2774 neratione.
560 2732 640 2775 Sed
672 2734 842 2775 secundi
874 2749 947 2775 seu
979 2734 1108 2775 eliciti
1141 2736 1258 2775 actus
1285 2733 1768 2787 fidei&resipiscentiae,
1787 2733 1860 2788 qui
1878 2733 2061 2788 primum
2084 2731 2137 2772 ab
2159 2731 2238 2772 ho-

298 2791 410 2833 mine
431 2791 642 2833 vivificato
660 2792 897 2843 eliciuntur,
917 2807 1020 2846 quos
1041 2792 1156 2835 Deus
1174 2792 1304 2834 etiam
1320 2791 1534 2846 promittit
1554 2791 1598 2834 in
1615 2806 1722 2834 novo
1739 2791 1906 2834 foedere
1924 2792 2238 2846 (praemovente

2149 2847 2238 2893 scil.
