2399 3084
490 106 1643 149 D1sp.III.DssJUm:nav-JusmrrmDffl.
1993 106 2046 145 43

106 233 340 287 praeditum
355 246 363 273 :
397 234 470 272 aut
501 231 533 272 si
567 231 697 271 libere
731 230 831 271 velit
868 231 1016 281 angelo
1049 232 1121 270 aut
1157 229 1317 270 homini
1350 228 1509 281 aliquid
1542 230 1738 278 revelare,
1767 226 2045 268 necessarium

107 293 169 331 est
192 290 347 331 revelet
374 290 591 330 veritatem
611 304 618 329 :
643 292 716 329 aut
738 288 772 328 si
796 288 924 328 libere
950 289 1150 341 producat
1171 287 1373 327 mundum
1391 288 1669 328 necessarium
1689 289 1764 335 est,
1788 288 1834 326 ut
1851 301 1945 326 611111
1964 299 2043 336 gu-

106 350 267 390 bernet.
296 348 403 389 Vide
431 348 542 388 infra
567 347 608 387 in
635 348 858 401 appendice
882 354 991 400 part.
1024 347 1058 387 1.
1098 347 1216 387 These
1243 345 1282 385 4.
1320 346 1382 386 cil.
1415 346 1667 397 (jajemnum.
1698 345 1771 385 IV.
1796 343 2048 398 Sequeretur

109 407 243 447 Deum
262 422 342 446 non
360 421 478 459 posse
496 406 750 459 dispensare:
769 406 838 445 sed
857 404 1087 445 necessario
1106 405 1252 457 punire
1271 404 1434 457 quando
1448 405 1475 444 ἃ
1489 407 1693 456 quantum
1712 404 1859 456 potest.
1875 401 1953 442 Sed
1968 401 2045 441 hoc

109 465 347 506 absurdum.
369 466 486 518 Hesp.
508 465 606 516 Negl.
623 463 931 517 consequentia.
958 462 1115 503 Dilatio
1133 477 1304 515 poenae,
1325 464 1397 501 aut
1415 461 1670 514 dispensatio
1687 461 1797 515 quod
1815 461 1865 500 ad
1882 463 2047 512 tempus

108 526 181 564 aut
192 523 358 563 modum
372 523 502 563 libero
515 522 594 562 Dei
608 522 835 562 111-1111110111
849 521 956 562 hanc
969 524 1041 561 aut
1051 521 1167 561 illam
1179 520 1618 574 partemdeterminari
1633 522 1781 573 potest,
1793 518 1984 572 quamvis
2000 515 2047 554 τὲ

109 581 256 635 punire
275 596 347 621 seu
365 581 456 634 ipsa
468 596 601 634 poena
614 581 656 620 in
675 596 717 621 se
735 582 763 622 ἃ
777 580 966 620 absolute
979 579 1238 620 considerata
1252 579 1306 619 sit
1318 578 1563 618 necessaria.
1581 579 1698 633 [pag.
1716 577 1821 630 363]
1855 576 2048 617 111611110-

109 639 302 693 sponderi
329 642 467 693 potest
485 640 533 679 de
551 639 750 693 gradibus
774 654 844 679 seu
863 639 1118 678 incremento
1136 652 1364 691 poenarum
1383 636 1426 676 in
1443 636 1620 685 inferno,
1639 636 1844 689 siquidem
1863 635 2048 675 danmati

108 713 323 751 nunquam
341 701 502 738 cessent
520 700 688 751 peccata
707 697 885 750 peccatis
900 697 1175 737 accumulare.
1195 695 1256 736 De
1275 709 1356 749 quo
1374 695 1542 748 quidem
1555 696 1656 736 satis
1669 695 1845 735 111016813
1856 693 2048 746 disquisi-

111 757 181 797 tio.
219 755 393 797 Interim
427 771 475 796 ex
511 771 570 805 eo,
605 756 713 809 quod
735 755 802 795 vix
832 758 904 795 aut
931 754 1156 795 difficulter
1174 755 1232 795 sic
1250 753 1523 806 assequimur,
1543 756 1589 793 ut
1607 755 1635 795 ἃ
1662 756 1804 793 nostro
1821 753 1849 793 81
1872 752 2049 792 aliorum

109 814 281 855 curiosis
299 814 480 868 ingeniis
499 814 821 863 satisfaciamus,
840 828 920 853 non
940 816 1001 853 est
1020 813 1344 853 subvertendum
1363 812 1471 865 quod
1490 812 1655 865 assequi
1672 825 1892 865 possumus
1907 811 1934 851 ὣ
1948 810 2048 850 83118

112 872 399 926 perspicimus.
419 872 470 913 V.
490 871 745 925 Sequeretur
758 871 893 912 Deum
907 871 1298 912 necessariodebere
1312 870 1775 911 conservarehominem
1789 870 2047 909 damnatum:

114 930 246 984 Atqui
264 931 429 971 videtur
446 931 685 971 absurdum.
708 931 751 972 R.
774 931 955 983 Neqalm·
970 930 1119 971 minor.
1133 929 1275 970 Posito
1295 929 1404 969 enim
1424 928 1636 969 hominem
1655 931 1678 969 a
1695 928 1784 968 Deo
1802 927 1932 967 libere
1955 942 2051 980 pro-

110 989 279 1030 ductum
298 990 326 1031 &
343 989 473 1030 libere
491 988 741 1042 permissum
764 990 1001 1041 peccatum:
1023 988 1211 1041 sequitur
1233 987 1465 1028 necessario
1483 987 1603 1027 11111111
1622 986 1892 1040 puniendum,
1922 987 1950 1026 ἅ*
1979 1000 2052 1038 per

109 1062 364 1101 consequens
377 1047 608 1088 necessario
618 1047 659 1086 in
671 1046 892 1087 existentia
902 1047 1242 1095 conservandum,
1257 1045 1456 1098 quamdiu
1465 1045 1639 1097 punitur
1649 1047 1721 1085 aut
1732 1044 1964 1097 puniendus
1975 1046 2049 1083 est.

112 1105 177 1146 An
196 1108 335 1146 autem
354 1121 488 1158 poena
501 1106 614 1158 juste
632 1105 900 1158 aequivalens
919 1104 1105 1154 cuilibet,
1126 1107 1307 1157 peccatO,
1326 1103 1558 1143 necessario
1577 1104 1726 1144 debeat
1739 1118 1827 1143 esse
1842 1104 2051 1150 aeternae,

112 1164 333 1205 secundum
351 1165 419 1217 jus
431 1164 510 1204 Dei
523 1164 728 1210 naturale,
740 1164 840 1204 adeo
854 1165 900 1203 ut
913 1162 1026 1203 Deus
1040 1162 1196 1216 absque
1210 1161 1494 1215 implicatione
1507 1160 1846 1202 contradictionis
1857 1175 1937 1200 non
1957 1174 2052 1213 pos-

112 1225 175 1263 set
185 1222 308 1263 aliter
326 1222 564 1269 decernere;
584 1222 662 1262 hac
680 1222 766 1262 vice
785 1236 866 1262 non
884 1221 1169 1274 disputamus:
1189 1236 1282 1261 cuin
1301 1221 1458 1273 absque
1476 1220 1553 1260 hoc
1572 1220 1808 1273 propositae
1826 1218 2051 1271 objectioni

113 1280 378 1321 satisfactum
396 1280 463 1321 sit.
484 1279 558 1321 VI.
578 1280 832 1334 Sequeretur
848 1280 1048 1320 terminos
1063 1294 1150 1320 esse
1163 1279 1505 1327 contradicentes,
1520 1281 1735 1331 peccatum
1754 1279 1782 1318 ἃ
1795 1292 1877 1316 11011
1895 1276 2048 1329 puniri:

115 1338 195 1379 Sed
210 1338 289 1379 1100
311 1339 552 1379 3118111·(111111.
570 1338 696 1392 Ergo.
718 1340 763 1380 R.
783 1337 970 1378 Termini
984 1338 1171 1390 proxime
1185 1338 1214 1378 81
1225 1337 1466 1377 immediate
1480 1337 1744 1389 implicantes
1758 1334 2053 1376 contradictio-

112 1412 208 1437 nem
227 1396 427 1447 sunt,Dei
444 1397 693 1446 universale,
712 1411 967 1450 supremum,
986 1397 1013 1437 &
1027 1394 1519 1446 absolutum,dominium
1533 1395 1561 1435 &
1574 1397 1759 1447 potestas
1772 1394 1815 1433 in
1827 1393 2052 1433 hominem:

116 1456 145 1496 St
166 1455 376 1495 hominem
395 1470 477 1495 non
496 1470 584 1496 esse
607 1455 841 1508 subjectum
859 1457 932 1495 aut
949 1454 1130 1508 obligari
1156 1453 1241 1494 Deo
1264 1468 1458 1507 supremo
1478 1453 1644 1493 (101111110
1662 1453 1712 1492 3(1
1731 1452 1937 1493 actualem
1955 1451 2054 1491 obe-

115 1513 328 1564 dientiam,
357 1516 430 1554 aut
447 1514 520 1553 illa
538 1514 753 1554 deficiente
772 1514 823 1553 ad
846 1513 1042 1553 vicariam
1058 1513 1145 1565 ejus
1163 1513 1557 1566 compensationem3
1576 1512 1686 1565 quod
1703 1511 1757 1551 sit
1774 1525 1846 1563 per
1864 1524 2054 1563 poenam.

116 1571 196 1613 Hic
208 1574 295 1612 tam
308 1572 434 1612 cruda
449 1571 690 1625 implicatur
700 1571 983 1620 contradictio,
1002 1586 1124 1622 quam
1139 1571 1174 1611 si
1187 1571 1280 1624 quis
1293 1571 1402 1611 dicat
1419 1570 1663 1623 Philippum
1678 1585 1764 1610 esse
1778 1571 1939 1622 patrem
1955 1566 2054 1608 Ale-

115 1630 272 1680 xandri,
291 1631 319 1672 &
336 1630 624 1671 Alexandrum
641 1644 723 1670 non
743 1645 830 1670 esse
854 1629 987 1669 filium
1006 1629 1207 1682 Philippi:
1228 1628 1441 1669 Socratem
1459 1643 1547 1669 esse
1571 1627 1799 1668 Hei-machi
1817 1626 2055 1680 legitimum

116 1688 343 1738 dominum,
363 1691 436 1728 aut
452 1688 704 1741 Principem,
723 1690 751 1730 &
769 1687 1055 1729 Hermachum
1068 1702 1148 1728 non
1163 1703 1251 1728 esse
1265 1703 1431 1728 servum
1444 1690 1517 1728 aut
1530 1686 1742 1727 subditum
1757 1683 2052 1726 Socratis.VII.

116 1746 229 1786 Deus
246 1749 384 1799 potest
396 1746 606 1787 mitiorem
624 1761 800 1800 poenam
812 1746 966 1787 inferre
984 1761 1109 1798 quam
1122 1749 1338 1799 peccatum
1352 1748 1548 1786 meretur:
1565 1759 1664 1798 ergo
1678 1746 1813 1797 potest
1827 1758 1900 1796 per
1908 1744 2056 1795 poten-

115 1805 219 1845 tiam
237 1805 474 1853 absolutam
492 1805 730 1845 universam
748 1819 925 1858 poenam
942 1805 1207 1858 suspendere.
1226 1803 1364 1844 Minor
1377 1804 1493 1857 prob:
1509 1803 1616 1851 Quia
1632 1802 1746 1843 Deus
1763 1804 1902 1855 potest
1915 1815 2055 1841 remu-

116 1863 253 1903 nerari
272 1863 384 1903 ultra
408 1863 661 1917 condignum
677 1878 685 1903 :
706 1877 804 1916 ergo
822 1865 960 1916 potest
978 1863 1126 1916 punire
1144 1863 1248 1903 citra
1266 1862 1531 1916 condignum.
1554 1863 1599 1903 R.
1616 1861 1824 1901 Probetur
1840 1858 2056 1913 perspicue

116 1921 413 1974 consequentia
422 1921 603 1974 majoris.
617 1922 656 1962 2.
666 1921 863 1961 Probatio
873 1921 1045 1961 minoris
1055 1921 1238 1961 invalida
1249 1923 1322 1961 est:
1335 1921 1468 1961 utitur
1477 1920 1585 1961 enim
1598 1919 1678 1959 ista
1687 1917 1925 1972 hypothesi,
1940 1916 2058 1964 Quod

117 1994 193 2033 par
224 1978 279 2020 sit
311 1979 418 2020 ratio
450 1979 549 2020 boni
572 1981 600 2021 &
622 1979 735 2029 mali,
754 1979 797 2019 in
815 1979 958 2020 ordine
977 1979 1026 2019 ad
1050 1979 1280 2032 praemium
1301 1978 1606 2025 conferendum,
1631 1978 1659 2018 81
1683 1977 1733 2017 3(1
1751 1991 1927 2030 poenam
1949 1974 2056 2015 infe-

116 2037 300 2078 rendam.
320 2038 402 2078 Eos
421 2052 511 2078 eam
531 2039 628 2092 Ney.
645 2037 759 2078 Deus
783 2037 890 2077 enim
910 2038 1015 2077 nulli
1033 2039 1246 2078 creaturae
1264 2037 1459 2077 rationali
1483 2036 1714 2090 praemium
1733 2035 1867 2083 debet,
1886 2048 1960 2074 nec
1977 2033 2058 2073 sibi

117 2095 280 2136 debitor
306 2098 369 2136 est
392 2111 440 2136 ex
462 2096 710 2136 necessitato
739 2098 926 2145 naturae,
955 2096 1026 2136 sed
1042 2098 1208 2136 tantum
1225 2110 1274 2136 ex
1295 2095 1425 2135 libera
1442 2095 1577 2146 gratia
1595 2095 1623 2135 ἃ
1642 2092 1943 2147 promissione?
1977 2090 2058 2131 Sed

117 2156 260 2195 contra
286 2156 476 2194 creatura
503 2154 719 2195 rationalis
744 2154 977 2194 necessario
1004 2154 1127 2194 debet
1143 2153 1232 2194 Deo
1254 2153 1534 2194 obedientiam
1552 2155 1624 2193 aut
1645 2151 1845 2192 vicarium
1862 2164 2057 2203 compen-

118 2212 345 2260 sationem
370 2213 399 2253 St
427 2212 484 2253 sic
511 2215 811 2266 consequenter
839 2212 953 2252 Deus
970 2212 1011 2252 in
1031 2212 1173 2252 ordine
1191 2212 1241 2252 ad
1257 2211 1375 2251 illam
1398 2211 1477 2252 sibi
1495 2211 1589 2264 ipsi,
1613 2225 1685 2250 8611
1708 2209 1922 2249 absolutae
1939 2210 2057 2261 pote-

119 2270 231 2321 stati,
250 2270 336 2324 juri
354 2271 382 2311 81
399 2270 584 2323 justitiae
602 2285 701 2311 suae
719 2270 879 2310 debiter
897 2272 971 2311 est.
991 2269 1236 2323 Abnegaret
1253 2283 1353 2323 ergo
1372 2284 1414 2310 se
1432 2269 1584 2322 ipsum,
1603 2268 1637 2309 si
1655 2268 1732 2308 hoc
1749 2266 1938 2307 debitum
1951 2265 2058 2319 juris

119 2328 184 2369 sui
205 2328 408 2369 naturalis
441 2328 521 2368 sibi
543 2343 625 2369 11011
657 2331 909 2382 praestaret:
935 2329 1006 2369 sed
1024 2343 1106 2368 non
1128 2328 1338 2382 abnegare
1357 2327 1553 2380 seipsum,
1578 2327 1612 2366 si
1634 2325 1846 2366 hominem
1865 2339 1989 2377 quem
2009 2338 2058 2363 ex

119 2387 257 2439 gratia
275 2388 303 2428 81
320 2386 551 2427 liberaliter
570 2387 694 2441 (circa
710 2387 1035 2427 intercedentem
1052 2385 1389 2440 promissionem)
1407 2400 1489 2426 non
1501 2386 1753 2438 praemiaret
1779 2382 1898 2423 VIII.
1917 2383 2059 2422 Potest

118 2445 233 2485 Deus
255 2444 483 2485 cruciatum
511 2444 760 2485 infernalem
788 2445 911 2485 alicui
938 2444 1092 2485 inferre
1116 2445 1272 2498 absque
1289 2444 1402 2485 omni
1421 2443 1621 2483 demerito
1635 2458 1643 2491 ς
1658 2455 1758 2496 ergo
1776 2441 1903 2482 effam
1921 2442 2059 2493 potest

119 2518 200 2543 non
227 2503 419 2543 obstante
448 2503 648 2543 demerito
676 2517 921 2557 quocunque
948 2518 1115 2544 omnem
1133 2503 1251 2558 [pag.
1273 2502 1379 2556 364]
1403 2516 1578 2555 poenam
1606 2500 1869 2553 suspendere.
1904 2499 2056 2540 Conse-

119 2561 291 2614 quentia
327 2560 540 2614 probatur‚
573 2561 671 2614 quia
692 2561 825 2601 multo
842 2561 1010 2614 pronior
1027 2563 1090 2601 est
1111 2561 1163 2601 ad
1179 2560 1537 2609 benefaciendum,
1556 2573 1680 2613 quam
1699 2558 1749 2598 ad
1787 2557 2057 2611 puniendum.

122 2620 238 2673 Hesp.
273 2619 579 2671 Consequentia
615 2619 784 2672 majoris
816 2634 909 2659 cum
941 2622 1016 2660 sua
1047 2619 1292 2672 probatione
1325 2633 1407 2659 non
1443 2632 1592 2671 parum
1635 2615 1867 2657 examinari
1904 2617 2057 2668 posset.

121 2676 202 2718 Sed
227 2677 410 2718 sufficiat
431 2692 539 2718 nunc
562 2677 613 2717 ad
636 2677 838 2717 minorem
862 2677 1062 2731 excipere.
1091 2676 1299 2718 Incertum
1318 2691 1392 2729 per
1408 2676 1627 2725 incertum,
1645 2674 1818 2715 dubium
1835 2688 1910 2727 per
1925 2673 2058 2713 multo

119 2735 256 2789 magis
282 2735 455 2776 dubium
485 2735 665 2788 probari.
694 2734 762 2774 An
780 2735 966 2776 extensio
984 2735 1057 2776 illa
1082 2734 1304 2789 potestatis
1326 2734 1474 2788 &juris
1493 2733 1624 2774 divini
1640 2733 1681 2773 in
1706 2734 1938 2773 creaturam
1957 2731 2058 2772 satis

121 2793 250 2834 solide
268 2794 469 2847 probetur
490 2793 600 2834 infra
617 2792 894 2847 dispiciemus.
