2399 3084
253 138 304 165 xn

362 602 393 682 5090
361 382 394 549 539¹?
360 249 396 329 ,00ὲο

342 778 393 814 ,Ξ

343 954 394 989 11.

343 998 394 1032 12.

343 1086 393 1121 13.

344 1130 395 1165 14.

343 1174 393 1209 15.

347 1306 397 1341 16.

344 1393 395 1429 17.

344 1485 394 1520 18.

344 1578 395 1613 19.

343 1843 396 1879 21.

342 1887 395 1922 22.

342 1930 396 1966 23.

342 1976 395 2010 24.

1053 117 1409 161 PninrArio.

428 249 491 284 An
514 248 786 292 inscriptiones
810 256 881 282 seu
905 245 1007 282 tituli
1031 245 1218 282 libroruin
1241 243 1462 287 Scripturae
1486 244 1564 279 sint
1589 241 1804 278 authentici
1813 264 2084 276 .............

428 293 491 328 An
527 293 712 328 accentus
736 292 873 327 textus
899 289 1096 333 originalis
1120 288 1300 324 Hebraici
1329 288 1369 323 et
1397 286 1534 323 Graeci
1557 287 1636 322 sint
1661 286 1895 327 authentici;
1919 295 1970 321 an
1994 294 2088 320 vero

473 336 630 372 arbitrio
655 335 830 370 humano
856 335 896 370 et
921 334 1133 369 autoritate
1157 331 1418 376 grammatica
1442 340 1486 366 ac
1509 330 1655 366 fallibili
1678 331 1816 374 postea
1841 329 1959 365 additi
1970 353 2084 364 ......

429 382 492 416 An
514 380 703 416 lectiones
729 377 969 422 marginales
993 378 1073 412 sint
1096 376 1357 417 authenticae,
1380 384 1502 418 aeque
1527 384 1570 409 ac
1596 375 1678 417 ipsa
1703 375 1820 410 verba
1845 375 1980 409 textus
1992 398 2083 409 .....

428 425 492 460 An
514 423 731 460 Reformati
758 422 934 466 rejiciant
955 431 1093 457 omnes
1120 420 1351 456 traditiones
1361 441 2085 451 .................................

428 469 491 503 An
514 467 773 511 intelligentia
800 466 1021 509 Scripturae
1046 465 1165 501 etiam
1189 473 1269 499 non
1294 463 1493 498 conversis
1517 472 1587 497 seu
1612 462 1831 504 irregenitis
1855 462 2085 505 contingat.

429 513 491 547 An
529 512 805 555 Interpretatio
842 509 1002 546 alicuius
1038 509 1112 545 loci
1146 508 1367 551 Scripturae
1403 506 1526 550 possit
1563 515 1649 542 esse
1675 505 1842 549 analoga
1866 506 1965 549 fidei,
1992 514 2091 549 quae

473 557 610 592 tamen
633 565 713 591 non
737 555 789 590 sit
814 553 982 597 analoga
1005 553 1133 588 textui
1143 573 2086 587 ...........................................

429 600 542 636 Unde
567 600 618 635 sit
643 600 682 635 et
707 598 922 643 dependeat
947 597 1138 632 autoritas
1162 596 1383 639 Scripturae
1387 616 2085 630 ................................

428 643 641 688 Theologia
664 642 883 679 Christiana
905 651 956 677 an
980 650 1075 685 pure
1099 639 1353 683 Scripturaria
1379 641 1419 674 et
1444 639 1729 682 consequenter
1743 637 1950 672 Christiani
1964 637 2091 673 ortho-

474 688 574 731 doxi,
597 687 829 731 praesertim
857 685 1032 728 theologi
1060 685 1107 720 ab
1137 685 1182 719 ea
1206 684 1343 718 contra
1367 683 1548 718 distincte
1578 682 1625 717 ad
1651 681 1896 717 adversarios
1923 682 1992 717 aut
2006 690 2091 717 con—

472 733 663 768 temtores
697 731 919 774 Scripturae
950 729 1101 772 possint
1129 727 1200 763 dici
1224 727 1467 770 Scripturarii
1471 749 2086 762 ............................

431 776 537 821 Quae
565 776 616 811 sit
641 775 823 818 expedita
847 773 1058 809 methodus
1083 771 1309 807 confutandi
1333 770 1557 806 Pontificias
1580 770 1822 812 traditiones,
1849 779 1945 813 quas
1973 769 2092 813 Scrip-

475 822 587 856 turae
612 820 843 862 adaequant,
870 818 948 852 imo
974 817 1014 852 et
1037 815 1264 860 praeferunt
1273 826 1282 858 3
1310 816 1355 850 ut
1382 815 1563 850 homines
1589 815 1754 850 doceant
1771 814 2092 857 eScripturarum

475 863 713 900 membranis
750 864 790 898 et
826 861 999 897 tenebris
1040 861 1107 902 (sic
1145 869 1212 895 eas
1237 859 1433 903 appellant
1459 859 1653 902 Costerus,
1680 860 1719 893 et
1748 857 1857 894 Corn.
1882 858 2090 894 Jansenius

473 907 696 951 Theologus
723 905 989 947 Lemniensis,
1015 905 1054 939 in
1081 903 1264 948 spongia)
1289 904 1335 938 ad
1360 904 1591 939 traditiones
1615 902 1825 945 confugere
1836 926 2088 935 ............

431 954 494 988 An
517 951 744 994 Reformati‚
771 960 820 985 an
845 959 938 985 vero
962 948 1164 991 Pontificii,
1187 948 1357 983 habeant
1377 948 1645 983 authenticam
1658 946 1869 983 Bibliorum
1884 947 2093 983 editionem

429 999 491 1032 An
520 995 734 1039 Scriptores
757 994 791 1030 N
795 1022 802 1029 .
815 994 853 1029 T.
876 993 950 1028 nisi
963 993 1042 1028 sint
1056 992 1213 1034 (saltem
1226 992 1265 1026 in
1278 991 1424 1035 multis,
1437 994 1504 1026 aut
1518 992 1556 1026 in
1575 991 1780 1035 plerisque)
1794 990 2018 1034 nonlingua
2031 1001 2092 1034 ge-

472 1040 593 1076 nuina
604 1039 853 1081 Graecorum,
863 1038 931 1073 sed
945 1038 1013 1073 aut
1022 1037 1174 1080 impura.
1187 1045 1231 1071 ac
1244 1037 1417 1079 barbara,
1432 1036 1499 1070 aut
1512 1036 1704 1079 peculiari,
1717 1035 1818 1070 dicta
1828 1035 2092 1071 hellenistica‘?

430 1086 492 1120 An
518 1084 681 1119 Matthei
704 1082 963 1125 Euangelium
988 1083 1035 1117 ab
1060 1081 1143 1124 ipso
1168 1080 1357 1116 Hebraice
1382 1080 1569 1123 scriptum
1595 1080 1645 1115 sit
1676 1103 2087 1112 ...................

431 1131 494 1164 An
519 1128 634 1163 Marci
657 1126 917 1170 Euangelium
941 1126 1061 1160 latine
1086 1125 1273 1168 scriptum
1299 1124 1347 1159 sit
1359 1147 2084 1156 .................................

430 1174 493 1208 An
521 1172 601 1208 ulla
628 1171 834 1207 translatio
858 1170 1080 1213 Scripturae
1109 1169 1147 1204 in
1171 1179 1213 1204 se
1239 1169 1289 1203 sit
1318 1168 1563 1203 authentica:
1589 1178 1638 1203 an
1662 1167 1872 1203 orientales
1896 1168 2093 1204 hodiernis

474 1215 777 1252 occidentalibus
803 1214 1111 1258 praestantiores
1137 1214 1177 1248 et
1201 1212 1376 1247 utiliores
1401 1213 1479 1247 sint
1505 1214 1622 1256 atque
1646 1212 1741 1247 adeo
1770 1212 1929 1247 maioris
1955 1212 2093 1248 autori-

474 1261 568 1296 tatis
607 1260 708 1304 apud
732 1269 805 1295 nos
833 1267 919 1294 esse
945 1258 1084 1293 deceat
1094 1279 2089 1290 ............................................

433 1305 496 1340 An
534 1304 582 1340 ad
622 1304 852 1348 apparatum
892 1302 1082 1337 versionis
1112 1303 1151 1337 et
1182 1300 1451 1344 explicationis
1477 1301 1520 1336 V.
1549 1303 1586 1336 et
1613 1301 1658 1336 N.
1683 1301 1721 1336 T.
1746 1302 1786 1336 et
1810 1302 2095 1344 consequenter

475 1349 523 1384 ad
547 1347 710 1383 solidam
736 1347 992 1383 eruditionem
1018 1345 1295 1389 Theologicam
1322 1345 1464 1389 aliqum
1486 1346 1659 1381 conferat
1674 1345 1843 1388 cognitio
1855 1344 2094 1380 Rabbinismi

432 1393 526 1438 Quid
550 1393 597 1428 de
621 1391 890 1428 Pentateucho
916 1390 1264 1432 Samaritanorum,
1289 1390 1353 1433 qui
1380 1399 1483 1424 nunc
1508 1400 1596 1424 cuni
1610 1389 1741 1425 Bibliis
1758 1389 1892 1432 Regiis
1906 1389 2092 1425 Parisien-

474 1437 581 1473 sibus
605 1436 731 1472 editus
760 1437 831 1478 est,
862 1434 1117 1470 statuendum
1145 1434 1195 1468 sit
1205 1457 2089 1466 ........................................

430 1485 492 1520 An
517 1483 790 1528 supplementa
814 1483 1099 1519 sententiarum
1124 1483 1192 1518 aut
1203 1482 1402 1525 phrasemn
1422 1480 1663 1515 versionibus
1687 1481 1734 1516 ab
1752 1479 2092 1523 interpretainfar-

476 1534 612 1570 cienda
645 1534 724 1569 sint
738 1552 2085 1565 ..............................................................

430 1578 494 1613 An
516 1587 633 1614 nemo
658 1579 847 1613 maiorem
871 1577 1129 1612 eruditionem
1156 1577 1196 1611 et
1225 1578 1455 1619 apparatum
1482 1575 1705 1618 linguarum
1729 1574 1776 1608 ad
1793 1573 2093 1609 translationem

476 1621 695 1665 Scripturae
731 1621 907 1657 attulerit
931 1622 1020 1664 post
1047 1620 1333 1663 Hieronymum
1362 1629 1479 1663 quam
1504 1619 1769 1662 Hieronymus
1773 1641 2089 1653 ...............

431 1668 493 1701 An
529 1666 915 1710 interpretationibus
939 1665 1159 1709 Scripturae
1185 1664 1492 1699 orthodoxorum
1518 1666 1648 1706 (quam
1673 1662 1815 1705 scripta
1845 1663 2019 1702 exstant)
2044 1671 2094 1697 an

477 1720 568 1746 vero
604 1710 875 1753 recentiorum,
909 1709 1036 1752 magis
1064 1708 1281 1751 fidendum;
1305 1717 1384 1743 non
1414 1708 1570 1751 quidem
1594 1705 1782 1749 absolute,
1809 1706 1876 1742 sed
1904 1706 2094 1749 hypothe-

475 1755 574 1798 tice;
612 1764 691 1790 non
726 1755 771 1789 ut
805 1763 978 1796 normae,
1009 1753 1077 1788 sed
1106 1754 1149 1787 ut
1171 1752 1412 1796 Prophetiis;
1437 1750 1801 1794 manudictionibus,
1830 1759 2031 1794 quousque
2055 1751 2096 1786 et

475 1800 669 1842 quatenus
701 1797 908 1841 scripturis
934 1797 1102 1840 analoga
1126 1798 1219 1832 sunt
1229 1818 2088 1829 .......................................

433 1842 529 1886 Quid
554 1843 600 1878 de
628 1842 856 1886 suppletivis
880 1842 947 1882 (ita
970 1841 1116 1885 loquar)
1141 1840 1527 1884 interpretationibus
1552 1839 1801 1875 sentiendum
1811 1861 2088 1871 .............

432 1887 528 1930 Quid
551 1886 805 1922 statuendum
829 1886 875 1921 de
899 1885 1285 1928 interpretationibus
1314 1884 1509 1927 allegoriis
1519 1906 2087 1917 ..........................

433 1931 529 1975 Quid
552 1931 598 1966 de
621 1930 1007 1973 interpretationibus
1032 1928 1263 1964 cabalisticis
1291 1928 1546 1963 statuendum
1565 1950 2086 1960 ........................

432 1975 527 2019 Quid
552 1975 806 2010 statuendum
833 1974 878 2009 de
904 1973 1007 2017 typis
1030 1973 1069 2007 in
1086 1972 1294 2016 Scriptura,
1310 1972 1511 2016 explicatis
1527 1972 1736 2019 applicatis,
1750 1972 1848 2007 item
1862 1971 1908 2006 de
1929 1981 2093 2006 numero

475 2019 551 2054 666.
590 2019 708 2062 Apoc.
734 2018 785 2060 13,
814 2019 880 2052 An
902 2027 982 2052 non
1006 2017 1154 2061 species
1175 2017 1255 2051 sint
1284 2016 1450 2059 cabalae,
1477 2018 1515 2051 et
1540 2017 1651 2052 nobis
1677 2016 1803 2051 artem
1831 2014 2094 2051 cabalisticam

477 2064 576 2098 circa
599 2063 695 2098 alios
723 2071 974 2106 quoscunque
998 2061 1218 2104 Scripturae
1242 2062 1380 2096 textus
1402 2062 1441 2096 et
1465 2060 1553 2095 fidei
1578 2060 1777 2104 mysteria,
1802 2060 1847 2094 ut
1869 2060 1909 2094 et
1932 2058 2095 2094 moralia

477 2107 682 2142 exercendi
709 2106 905 2141 licentiam
931 2105 1147 2140 concedunt
1165 2126 2090 2137 ..........................................

388 2178 396 2186 .
435 2151 531 2195 Quid
570 2150 808 2186 censendum
844 2150 889 2185 de
927 2150 1106 2185 veterum
1137 2149 1401 2185 Rabbinorum
1428 2148 1468 2182 13
1494 2148 1619 2182 modis
1645 2147 1864 2190 exponendi
1892 2148 2093 2190 pentateu-

477 2195 605 2237 chum,
639 2194 809 2229 collectis
845 2203 912 2237 per
943 2193 986 2228 R.
1017 2192 1172 2234 Ismael,
1202 2193 1242 2227 et
1266 2192 1385 2227 latine
1414 2192 1526 2227 editis
1554 2193 1671 2235 atque
1701 2191 1889 2234 expositis
1916 2200 1985 2235 per
2011 2191 2096 2226 Phi-

476 2238 623 2282 lippum
653 2238 698 2273 de
723 2238 885 2281 Aquino,
911 2237 1019 2272 Paris
1044 2237 1145 2280 apud
1173 2236 1259 2271 Joh.
1289 2236 1501 2279 Laguehay
1531 2245 1634 2270 anno
1663 2235 1749 2271 1629
1769 2259 2089 2267 ...............

431 2284 493 2317 An
530 2284 567 2318 et
601 2282 794 2326 quomodo
824 2281 1010 2325 judicium
1039 2280 1244 2315 decisionis
1268 2289 1384 2323 super
1417 2280 1678 2314 controversis
1708 2279 2094 2322 interpretationibus

477 2329 515 2362 ct
545 2326 739 2369 dogmatis
767 2325 1007 2368 theologicis,
1032 2325 1054 2360 a
1082 2324 1276 2367 theologis
1304 2324 1448 2358 nostris
1474 2323 1544 2358 soli
1569 2324 1660 2367 Deo,
1686 2333 1755 2358 seu
1782 2323 1926 2367 Spiritu
1939 2325 2095 2367 sancto;

478 2372 518 2406 et
538 2370 625 2406 alibi
650 2371 718 2405 aut
741 2371 787 2405 ab
816 2368 901 2404 aliis
925 2368 960 2404 S.
986 2368 1205 2411 Scripturae
1218 2379 1227 2411 ;
1251 2369 1291 2403 et
1316 2377 1471 2402 rursum
1497 2377 1519 2402 a
1544 2367 1632 2403 libia
1651 2377 1730 2402 non
1744 2368 1886 2411 paucis,
1901 2367 2095 2403 Ecclesiae

476 2424 544 2451 seu
581 2413 748 2450 Concilio
772 2414 810 2448 in
841 2413 901 2448 his
925 2413 1038 2447 terris
1062 2412 1243 2447 tribuItur
1252 2435 2089 2445 ......................................

304 2503 348 2537 11.
376 2503 641 2538 I'RoBLEMA'rA
669 2511 718 2537 DE
744 2501 835 2536 Dno.

493 2577 531 2604 a.
569 2562 631 2604 De
650 2562 754 2604 Deo.

370 2667 386 2701 1
424 2668 486 2701 An
523 2666 635 2702 liceat
672 2676 721 2701 ex
757 2666 958 2710 pu·)ofesso
995 2665 1194 2701 instructis
1219 2666 1544 2709 argumentorum
1571 2665 1758 2703 classibus
1784 2666 1919 2701 contra
1942 2664 2094 2700 Atheos

366 2755 398 2789 2.

479 2710 747 2746 demonstrare
773 2711 958 2746 deitatem
963 2732 2086 2745 ...................................................

433 2755 502 2833 Arri1
506 2755 871 2833 ociimcmoeissxgiaeaetlirffiss'
898 2756 944 2789 ob
969 2755 1132 2789 naturae
1157 2755 1442 2798 corruptionem
1469 2754 1539 2790 dici
1564 2756 1730 2798 possunt
1754 2754 1869 2796 athei,
1888 2761 2006 2797 quarn
2022 2753 2093 2788 dici

366 2842 397 2878 3.
422 2843 484 2877 An
510 2843 637 2878 omnis
662 2843 835 2879 haeresis
861 2843 1013 2879 desinat
1037 2842 1076 2876 in
1100 2843 1339 2878 atheismum
1343 2864 2087 2878 ..................................
2085 2885 2108 2920 4
2141 2887 2176 2921 A

2110 2912 2116 2920 .
2178 2895 2204 2920 n

2162 902 2206 937 20

2140 946 2204 981 ‘322

2161 1035 2205 1070 26

2161 1079 2205 1114 2&

2159 1124 2203 1157 80

2162 1257 2206 1294 33

2162 1434 2206 1469 36

2159 1529 2203 1564 36

2186 1619 2205 1629 e·-

2192 1633 2201 1653 Ι

2161 1840 2205 1874 39

2163 1884 2206 1918 40

2161 1928 2204 1961 423

2163 2104 2206 2139 43

2163 2413 2206 2447 44

2129 2629 2206 2665 Pag.

2160 2709 2205 2745 48

2162 2799 2206 2833 49

2161 2843 2206 2878 50
