2399 3084
240 108 292 148 70
624 101 1226 145 D1S1›.IIJ.DEJURE
1260 99 1639 141 ETJUSTITIA
1673 97 1794 139 Dei.

240 229 397 271 limites
430 228 556 282 hujus
595 225 703 280 juris
736 227 764 267 ἃ
793 223 902 278 legis
917 222 1124 264 naturalis
1140 222 1276 263 tribus
1298 221 1506 276 capitibus
1523 221 1867 263 circumscribunt
1885 221 2121 263 Sclzolctstici
2137 221 2193 263 ad

249 289 449 331 Thomam
471 287 509 326 1.
530 287 569 326 2.
589 298 659 340 qu.
679 284 747 324 94.
767 283 883 324 artic.
905 283 943 324 2.
968 281 1163 335 Requirit
1181 280 1292 322 0111111
1310 281 1377 321 lex
1393 283 1569 322 naturae
1588 281 1640 322 ab
1660 280 1829 321 1101111110
1846 280 2048 321 nonnulla
2066 282 2112 321 ut
2130 282 2192 321 est

242 363 315 389 ens
333 362 341 388 :
360 345 563 387 nonnulla
584 346 630 384 ut
648 345 710 384 est
729 342 872 383 vivens
889 342 918 383 81
936 340 1111 381 animal:
1137 340 1339 380 nonnulla
1362 343 1408 381 ut
1426 342 1488 380 est
1510 339 1742 380 rationalis.
1776 339 1891 388 Quae
1923 339 1980 380 ibi
2005 338 2192 380 videnda.

244 404 342 447 VII.
383 403 524 447 Probt.
550 401 619 443 An
652 416 752 456 ergo
787 416 837 442 ex
861 400 954 453 jure
977 398 1174 446 naturali,
1194 401 1240 439 ut
1257 398 1678 452 contradistinguitur
1700 397 2022 452 supernaturali,
2040 397 2147 439 ratio
2165 399 2194 440 81

244 464 391 506 modus
423 461 584 503 colendi
602 460 739 501 Deum
760 458 907 500 deduci
925 460 1075 512 potest,
1103 460 1176 498 aut
1198 458 1274 498 sub
1293 472 1340 498 eo
1360 457 1581 498 subsumi?
1602 458 1720 510 Hesp.
1741 458 1837 511 Negy.
1855 455 1906 497 In
1922 470 2075 510 genere
2093 456 2193 510 qui-

245 525 339 565 dem
357 523 386 563 81
404 520 620 562 indefinite
640 519 845 573 quomodo
863 517 978 558 Deus
998 516 1053 557 sit
1069 516 1284 564 colendus3
1305 516 1333 557 81
1350 516 1547 571 negative
1565 516 1770 569 quomodo
1803 530 1887 556 non
1909 514 1963 556 sit
1985 515 2193 565 colendus,

244 582 287 623 in
322 580 467 622 multis
499 579 595 619 inde
613 577 777 619 ostendi
799 578 956 631 potest:
982 576 1053 616 sed
1070 575 1248 629 positive
1269 577 1297 617 81
1314 575 1358 615 111
1375 575 1511 629 specie
1530 575 1668 616 cultus
1685 573 1765 615 Dei
1786 573 2005 623 naturalis,
2025 576 2071 614 ut
2087 589 2197 615 nunc

245 642 340 695 post
372 640 538 693 lapsum
560 637 823 678 modificatus
842 637 918 686 est,
938 649 988 675 ex
1007 649 1054 675 eo
1078 633 1224 675 deduci
1243 636 1315 674 aut
1333 634 1410 674 sub
1429 648 1476 675 00
1494 633 1664 674 definite
1683 635 1809 686 atque
1833 632 2028 686 explicite
2046 633 2196 674 subsu-

245 699 304 741 mi
322 714 405 740 non
421 699 571 752 potest.
607 695 743 736 Multo
756 694 895 735 minus
915 693 1052 734 cultus
1070 693 1303 734 institutus.
1324 692 1439 733 Haec
1458 707 1557 747 ergo
1576 694 1599 733 a
1616 691 1927 746 supernaturali
1944 691 2198 732 revelatione

247 756 539 812 exspectanda.
574 755 689 804 Quae
705 768 799 794 cum
821 753 865 793 in
883 754 953 794 loc.
973 766 1075 793 eom.
1093 752 1142 794 de
1160 752 1396 795 Necessitate
1420 750 1460 793 ἃ·
1474 751 1720 806 perfectione
1737 751 1982 805 seriptmue,
2001 751 2030 792 81
2052 750 2101 792 cle
2118 750 2197 792 the-

247 816 394 871 oloyict,
428 815 555 870 (leque
587 827 669 855 usu,
703 811 878 854 rationis
902 812 944 852 in
966 811 1087 852 ‘rebus
1104 811 1199 868 fidei
1216 811 1379 852 abunde
1403 810 1677 864 explicentur,
1696 824 1779 850 non
1797 812 1860 850 est
1877 809 1987 862 quod
2007 809 2199 862 pluribus

250 875 477 918 absurdum
494 873 599 913 illud
616 872 775 913 rituum
787 885 1001 911 sacrorum
1018 870 1061 910 in
1079 870 1195 910 cultu
1211 869 1378 924 publico
1398 870 1593 919 fulcrum,
1614 871 1637 909 a
1653 871 1805 909 natura
1823 868 2004 922 petitum
2022 868 2200 909 subrua-

249 949 356 976 mus.
390 931 497 974 Sunt
528 931 635 972 ritus
668 930 839 984 quidam
873 944 1113 970 communes
1147 928 1399 970 naturaliter
1415 927 1653 978 necessarii,
1672 929 1744 969 aut
1763 926 1943 968 civiliter
1960 926 2110 978 decori,
2130 926 2202 967 sed

249 993 314 1034 illi
345 1007 429 1033 non
462 993 560 1031 sunt
597 989 705 1031 sacri
737 988 766 1029 81
783 988 964 1042 mystici,
994 1003 1056 1029 ex.
1076 1002 1138 1042 gr.
1157 990 1310 1029 natura
1328 988 1459 1035 docet,
1479 987 1513 1028 si
1531 986 1795 1039 concionator
1812 986 1914 1027 velit
1930 985 2024 1036 rite,
2043 985 2072 1027 &
2090 1000 2202 1027 com-

251 1052 371 1093 mode
390 1049 641 1091 distribuere
660 1062 845 1097 coenam,
866 1050 912 1088 ut
930 1047 1094 1087 derecto
1113 1061 1195 1096 ore,
1216 1048 1288 1087 aut
1305 1048 1352 1087 ut
1370 1049 1486 1087 stans
1506 1048 1534 1088 81
1553 1048 1688 1087 erecto
1712 1059 1882 1098 corpore
1904 1044 1982 1086 hoc
2001 1044 2144 1095 faciat,
2168 1044 2203 1085 si

252 1110 465 1152 commode
500 1110 523 1148 a
555 1106 960 1148 communicantibus
994 1106 1156 1159 agenda
1193 1105 1267 1146 illa
1300 1108 1487 1159 spectare
1511 1106 1539 1147 81
1558 1104 1693 1145 audiri
1710 1104 1826 1144 velit.
1860 1103 1991 1144 Civile
2010 1103 2203 1157 decorum

253 1169 455 1223 postulat,
475 1169 522 1207 ut
544 1166 736 1207 minister
754 1165 899 1206 decore
923 1164 1114 1214 vestitus,
1134 1165 1291 1217 absque
1314 1164 1521 1205 defluente
1544 1178 1664 1204 muco
1693 1166 1714 1203 e
1747 1162 1932 1212 naribus,
1956 1162 2112 1215 absque
2129 1177 2203 1203 na-

253 1230 371 1269 tante
388 1227 431 1267 in
448 1240 519 1266 ore
541 1225 674 1266 saliva
692 1227 756 1267 &c
777 1223 1017 1264 concionem
1049 1223 1219 1264 habeat.
1236 1221 1317 1264 Sed
1334 1223 1438 1264 haec
1454 1222 1594 1264 onmia
1611 1221 1847 1262 communia
1870 1222 1967 1262 sunt
1988 1221 2031 1261 in
2048 1220 2204 1271 schola,

254 1287 298 1327 in
316 1286 444 1334 curia,
469 1284 511 1325 in
534 1284 738 1338 collegiis,
758 1283 801 1323 in
819 1282 1013 1336 compitis
1030 1284 1094 1325 810.
1113 1297 1196 1322 11011
1214 1296 1309 1323 vero
1327 1282 1509 1335 propria,
1533 1280 1710 1335 mystica
1728 1282 1800 1320 aut
1817 1278 2053 1321 formaliter
2074 1294 2204 1320 sacra.

255 1344 374 1386 VIII.
409 1343 552 1386 Probt.
589 1342 657 1383 An
670 1343 738 1396 jus
756 1341 784 1382 81
807 1342 875 1382 1οΧ
891 1341 1097 1382 naturalis
1121 1341 1173 1381 ab
1195 1341 1388 1381 omnibus
1407 1340 1649 1381 hominibus
1666 1339 1952 1394 cognoscitur:
1972 1339 2000 1379 81
2018 1353 2092 1392 per
2109 1353 2206 1380 con-

255 1403 434 1445 trarium
468 1417 635 1443 sensum
668 1401 817 1442 inferri
845 1400 988 1454 possit,
1023 1415 1106 1441 non
1124 1414 1213 1440 esse
1236 1399 1341 1440 illud
1354 1399 1461 1454 juris
1479 1398 1698 1448 naturalis,
1718 1398 1827 1451 quod
1845 1398 1897 1438 ab
1915 1397 2108 1438 omnibus
2126 1412 2208 1438 11011

257 1461 510 1518 agnoscitur.
546 1462 662 1515 Resp.
686 1461 780 1514 Neq.
818 1459 977 1513 Aptum
995 1459 1164 1512 quidem
1180 1461 1327 1499 natum
1346 1461 1409 1499 est
1428 1461 1473 1499 ut
1492 1459 1543 1499 ab
1561 1457 1753 1498 omnibus
1772 1458 2059 1510 cognoscatur,
2079 1456 2107 1497 81
2137 1456 2207 1497 (10-

257 1522 414 1563 bebant
445 1520 550 1561 illud
575 1534 718 1561 omnes
751 1533 1022 1573 cognoscere:
1058 1518 1131 1559 sed
1146 1517 1293 1558 multis
1316 1517 1448 1558 modis
1466 1517 1609 1558 lumen
1626 1516 1730 1556 illud
1751 1515 2025 1569 exstinguunt
2042 1515 2208 1556 conclu-

259 1580 395 1622 siones
424 1594 475 1619 ex
506 1578 724 1632 principiis
753 1578 862 1618 male
896 1576 1113 1618 inferendo
1146 1578 1192 1616 ut
1226 1576 1364 1617 videre
1384 1578 1446 1617 est
1477 1577 1651 1618 Roman.
1684 1575 1719 1615 1.
1741 1575 1808 1614 21.
1831 1574 1897 1614 22.
1917 1574 2060 1616 Jttdae.
2081 1588 2115 1615 v.
2139 1573 2205 1613 10.

260 1639 378 1689 Quod
410 1637 446 1679 si
472 1652 546 1691 per
561 1638 628 1691 jus
647 1639 675 1679 81
698 1637 837 1691 legem
851 1638 1026 1677 naturae
1040 1634 1334 1689 intelligantur
1356 1637 1522 1676 tantum
1544 1634 1680 1688 prima
1703 1632 1909 1687 principia
1930 1633 2126 1686 practica,
2146 1632 2208 1672 fa-

261 1701 398 1739 temur
421 1712 469 1737 ea
505 1696 556 1737 ab
584 1695 792 1745 omnibus,
827 1694 894 1748 qui
930 1694 1105 1736 rationis
1126 1694 1244 1748 [pag.
1265 1694 1371 1749 399]
1387 1709 1464 1734 usu
1482 1692 1661 1747 praediti
1683 1694 1793 1740 sunt,
1813 1691 1994 1742 admitti,
2015 1693 2211 1745 percepta

261 1756 381 1798 modo
414 1754 689 1796 terminorum
723 1753 1014 1807 explicatione.
1049 1752 1157 1793 Vide
1191 1752 1296 1806 cli-sp.
1316 1755 1501 1793 nostram
1526 1753 1574 1793 de
1596 1751 1817 1793 Aelzetsma
1836 1750 1926 1799 Quo
1945 1766 2069 1791 sensu
2091 1752 2212 1791 autor

261 1828 501 1870 anonymus
549 1813 838 1870 definitionum
853 1845 862 1860 ,
912 1827 1017 1865 quae
1051 1827 1132 1852 una
1171 1826 1265 1852 cum
1299 1811 1560 1854 Nazianzem‘
1592 1826 1642 1851 ex
1673 1809 1929 1851 bibliotheca
1961 1809 2213 1863 Augustana

263 1874 398 1915 editae
442 1875 466 1914 a
496 1872 657 1914 Davide
698 1871 964 1920 Hoeschelio,
998 1872 1026 1913 81
1058 1870 1368 1925 Heidelberg-ae
1402 1870 1445 1911 in
1481 1871 1538 1911 80.
1568 1884 1742 1910 excusae
1779 1868 1903 1908 1591.
1928 1871 1965 1905 τί
1994 1870 2061 1905 εἶσι
2096 1866 2213 1906 mcum)

262 1931 412 1979 ἔννσικις
458 1934 490 1968 χῖ
531 1931 682 1969 οἴκεὲπεν
710 1929 755 1968 τὲ
786 1932 926 1967 πίω-τον
956 1929 1117 1977 ἑτοίμως
1145 1927 1320 1980 ἔχευα-χι,
1353 1929 1414 1967 καὶ
1444 1926 1607 1977 μηδενές
1635 1927 1760 1975 ἑτέρου
1789 1926 1961 1975 δεόμεναι
1988 1924 2084 1973 πρὲς
2112 1924 2214 1962 ἀπθ-

264 1991 388 2041 selgo.
424 1989 498 2030 IX.
522 1989 660 2031 Probl.
694 1988 762 2030 An
781 1990 809 2030 81
827 1989 1032 2042 quomodo
1050 1988 1248 2028 honestas
1266 1987 1441 2028 actionis
1460 1987 1635 2040 alicujus
1654 1988 1677 2026 a
1694 1985 1859 2040 legibus
1877 1984 2085 2034 humanis,
2105 1985 2133 2026 81
2151 1984 2215 2024 de·

266 2048 562 2089 terminatione
580 2048 861 2103 Magistratus
877 2046 1057 2088 derivari
1075 2061 1122 2087 ac
1139 2045 1336 2100 suspendi
1353 2045 1506 2099 possit:
1532 2045 1591 2086 ita
1610 2048 1656 2085 ut
1673 2044 1899 2085 autoritate
1917 2044 1945 2085 ἃ
1964 2042 2215 2083 determina-

266 2108 379 2148 tione
412 2108 486 2148 illa
519 2106 656 2161 posita
691 2109 764 2147 aut
786 2106 966 2156 sublata,
986 2108 1166 2159 ponatur
1189 2106 1262 2146 aut
1290 2105 1464 2145 tollatur
1481 2104 1643 2145 licitum
1662 2102 1691 2144 81
1712 2103 1933 2143 honestum
1952 2101 1995 2142 in
2011 2101 2102 2142 foro
2120 2116 2216 2143 con-

270 2166 483 2216 scientiae,
504 2165 800 2206 convenienter
812 2164 897 2218 juri
915 2164 1054 2205 divino
1074 2165 1101 2206 81
1121 2163 1337 2204 naturali?
1357 2165 1471 2216 Hesp.
1495 2161 1918 2216 l.praesupponenda
1931 2163 1994 2201 est
2006 2160 2217 2201 distinctio

268 2228 506 2266 nostrorum
536 2223 860 2278 Theologorum,
896 2223 1005 2264 inter
1023 2223 1223 2263 directam
1242 2222 1270 2263 81
1288 2221 1574 2262 immediatam
1591 2220 1908 2275 obligationem,
1928 2219 1956 2260 81
1975 2219 2085 2260 111101
2107 2218 2216 2259 indi-

269 2286 440 2334 rectam,
458 2297 532 2324 seu
549 2282 789 2323 mediatam.
824 2281 904 2322 Illa
922 2282 1103 2336 legibus,
1125 2282 1153 2323 81
1171 2280 1390 2321 autoritati
1406 2280 1615 2320 humanae
1634 2279 1677 2319 in
1700 2278 1972 2320 conscientias
1989 2277 2118 2318 tribui
2137 2292 2217 2318 non

272 2344 421 2397 potest,
440 2342 512 2383 sed
530 2343 696 2382 tantum
720 2340 907 2381 divinae:
927 2340 1009 2381 ista
1026 2342 1178 2394 potest.
1198 2340 1238 2380 2.
1259 2338 1407 2379 Altera
1425 2338 1636 2379 distinctio
1655 2340 1739 2378 est:
1765 2337 1898 2391 Leges
1917 2338 1946 2379 ἃ
1964 2336 2218 2377 determina-

270 2400 404 2442 tiones
427 2399 706 2454 Magistratus
736 2401 833 2440 sunt
870 2399 934 2440 vel
963 2398 1255 2453 permittentes
1276 2399 1443 2438 tantum
1460 2412 1532 2437 seu
1549 2397 1791 2446 tolerantes,
1809 2396 1875 2436 vel
1892 2395 2172 2449 approbantes
2190 2394 2218 2435 81

272 2459 617 2513 praescribentes,
651 2458 817 2499 Priores
836 2459 1055 2498 versantur
1082 2456 1261 2497 mediate
1290 2457 1318 2498 &
1335 2455 1535 2496 indirecte
1554 2455 1663 2496 circa
1680 2455 1886 2495 actionem
1903 2454 1946 2494 111
1963 2468 2004 2494 se
2023 2455 2051 2495 81
2069 2453 2112 2493 111
2129 2452 2219 2493 foro

275 2517 552 2559 conscientiae
589 2517 796 2566 illicitam,
831 2516 1073 2557 immediate
1105 2517 1134 2557 81
1167 2515 1320 2556 directe
1347 2514 1454 2555 circa
1476 2514 1657 2568 positam
1673 2513 1967 2555 rationabilem
1984 2512 2012 2553 81
2030 2526 2220 2552 necessa-

273 2576 381 2617 riam
397 2575 666 2617 tolerantiam
684 2578 757 2616 aut
774 2575 1092 2629 permissionem
1110 2573 1231 2614 istius
1253 2573 1369 2623 mali,
1388 2573 1495 2626 quod
1516 2573 1607 2613 tolli
1628 2587 1712 2613 non
1733 2573 1888 2626 potest;
1912 2570 2035 2624 idque
2068 2567 2119 2611 ad
2138 2569 2222 2610 evi-

274 2635 450 2676 tandum
482 2635 618 2688 majus
646 2634 818 2675 malum.
852 2633 915 2674 De
944 2633 1126 2687 judiciiS‚
1159 2631 1413 2682 defensione,
1433 2631 1609 2685 aliisque
1628 2631 1789 2672 actibus
1809 2629 2085 2684 Magistratus
2113 2628 2221 2670 circa

276 2693 381 2733 illuzl
412 2693 583 2743 malum,
617 2696 689 2734 aut
722 2707 846 2746 super
880 2692 953 2733 illo
990 2692 1101 2732 malo
1128 2691 1356 2732 secundum
1377 2690 1515 2744 legem
1537 2689 1840 2744 permissivam,
1861 2687 2221 2728 similiterdistin-

275 2751 489 2807 guendum
507 2753 582 2792 est.
610 2751 859 2794 Posteriores
881 2752 1101 2791 versantur
1123 2749 1231 2790 circa
1249 2749 1432 2790 actiones
1450 2749 1492 2789 in
1510 2764 1553 2790 se
1571 2750 1600 2791 81
1618 2763 1692 2789 suo
1714 2761 1866 2803 genere
1884 2745 2021 2787 licitas
2037 2760 2044 2786 :
2071 2745 2221 2799 quibus

280 2810 449 2851 modum
470 2812 633 2863 ponunt
665 2811 694 2852 &
712 2824 815 2863 quas
832 2809 999 2863 publico
1020 2809 1128 2850 bono
1150 2807 1337 2848 limitant
1354 2822 1400 2848 ac
1422 2806 1780 2857 circumscribunt,
1804 2804 1926 2859 quale
1945 2807 2042 2846 sunt
2060 2818 2221 2845 succes-

2088 2862 2224 2904 siones
