2399 3084
826 117 878 142 IN
931 102 1124 143 REssus
1187 102 1361 144 FIDEI.
2029 107 2053 146 5

117 227 204 274 unt,
223 224 252 265 81
270 227 484 265 removent
506 226 529 265 a
546 225 839 266 collationibus
857 227 886 267 ἃ
909 224 1262 278 disputationibus
1281 226 1498 267 nobiscum
1515 227 1719 269 habendis
1742 243 1908 270 omnem
1926 228 2052 284 Logi-

116 298 205 323 cam
224 283 474 333 naturalem,
493 284 521 324 ἃ
540 283 817 333 artificialem,
836 284 1053 324 docentem
1071 285 1099 325 &
1117 286 1319 325 utentem.
1339 284 1459 332 Quod
1476 285 1693 328 inventum
1711 287 1871 340 primus
1891 287 2055 329 videtur

116 341 344 394 prodidisse
374 341 532 383 Jcsnita
562 343 774 383 Gnnterns
809 343 853 383 in
884 343 1081 397 colloquio
1108 342 1372 393 Betriacensi,
1404 343 1528 384 Anno
1550 345 1675 386 1612.
1694 347 1879 386 nontam
1898 346 2055 398 habito,

116 414 242 452 quam
269 402 454 440 tentato:
488 400 754 454 perfecerunt
782 400 1019 441 Pandoram
1043 400 1162 441 illam
1186 401 1356 442 tandem
1382 401 1409 442 J
1414 402 1572 444 esuitae
1595 403 1638 443 111
1665 403 1803 445 Gallia
1824 404 1934 446 inter
1951 419 2054 459 quos

113 457 284 498 emicuit
305 457 533 509 Verronus,
557 459 629 512 qui
648 458 784 499 nescio
803 474 909 512 quae
922 459 1102 512 epinicia
1119 459 1241 500 editis
1259 459 1379 501 libris
1396 475 1477 501 non
1496 461 1705 513 cecinerit,
1729 477 1836 516 quae
1852 463 2055 505 miracula

113 516 176 556 illi
203 531 285 556 non
314 516 524 558 tribuerit.
553 516 660 565 Quid
686 518 734 558 de
761 517 892 571 fungo
920 519 949 559 81
966 516 1100 558 Jonae
1118 517 1248 559 ricino
1266 518 1340 559 illo
1357 518 1516 559 factum
1539 520 1605 568 sit,
1626 522 1654 562 81
1672 535 1753 574 quo
1771 536 1962 563 successu
1979 537 2054 563 110-

113 589 228 615 30003
257 578 469 616 mortuum
498 575 626 616 fuerit
649 576 922 617 indicavimus
942 576 986 616 in
1004 576 1231 630 Desperata
1253 578 1388 619 Causa
1406 578 1591 632 Papatus
1609 579 1710 621 libro
1732 581 1771 620 2.
1794 588 1885 622 sect.
1907 580 1945 622 2.
1963 595 2052 635 cap.

113 633 180 673 25.
215 632 361 674 Nostri
394 634 436 674 in
469 633 607 675 Gallia
632 634 849 687 speciatim
872 633 1131 689 Rhotomagi
1148 637 1275 689 quam
1293 635 1402 677 belle
1421 637 1658 690 exceperint
1675 636 1925 689 Verronum,
1944 639 2053 680 indi-

111 694 177 732 cat
197 693 253 733 ct.
277 691 322 732 D.
349 693 511 734 Rivetns
529 694 573 734 in
590 693 706 747 epist.
725 693 851 734 dedic.
870 693 926 734 ad
950 694 1061 734 Tmn.
1084 694 1119 733 1.
1145 693 1337 736 Catholic.
1362 695 1527 737 Orthod.
1547 697 1575 738 81
1592 696 1746 738 author
1761 697 2055 751 etegyantissimi

112 750 234 792 libelli
259 751 326 791 ceti
355 752 409 792 tit.
446 753 597 793 Verron
621 753 879 805 escploictant.
910 750 1017 799 Quia
1045 754 1186 793 autem
1204 753 1496 806 compendium
1519 754 1702 796 ludicrae
1719 755 1842 796 istius
1865 756 2051 797 methodi

111 809 268 862 absque
286 809 394 850 seria
409 810 691 863 disputatione
709 813 872 850 nostros
890 809 1171 851 confundendi
1188 811 1318 852 latine
1337 811 1531 854 Coloniae
1558 813 1684 864 1628,
1704 815 1733 856 ὣ
1750 816 1895 868 postea
1908 814 2051 874 Belgis

111 882 184 908 suo
213 867 410 908 idiomate
439 883 488 909 ex
514 868 676 922 prolixo
706 867 886 909 Verroni
918 868 1129 909 volumine
1148 872 1244 910 ante
1263 885 1415 923 paucos
1434 886 1562 913 annos
1586 872 1880 924 exhibuerunt,
1901 888 2051 927 operae

110 924 292 979 pretium
323 925 510 967 facturos
544 941 619 968 nos
651 926 920 977 arbitramur,
956 926 991 966 si
1023 927 1207 969 breviter
1239 928 1318 970 hoc
1347 929 1546 984 quicquid
1567 930 1804 972 inaniarum
1823 934 1886 973 est
1908 932 2052 986 explo-

110 998 266 1025 ramus.

169 1042 447 1098 Praecognita
474 1044 503 1086 ἃ
531 1043 805 1097 praeambula
835 1043 1133 1097 probationum
1150 1047 1389 1086 nostrarum
1413 1049 1510 1088 sunt
1526 1047 1628 1089 ista:
1649 1047 1683 1090 I.
1701 1048 1869 1090 Colosso
1895 1049 1959 1090 illi
1975 1065 2050 1092 suo

110 1103 380 1156 praestruunt
405 1103 434 1144 81
453 1103 702 1144 substruunt
718 1102 828 1143 110110
845 1101 1118 1143 falsissimam
1140 1103 1420 1157 hypothesin:
1444 1108 1607 1147 nostros
1630 1108 1850 1148 asserendo
1868 1108 2049 1162 scriptu-

109 1175 197 1201 ram
216 1174 305 1203 esse
323 1161 491 1203 unicum
509 1161 605 1202 fidei
623 1161 889 1215 principium,
914 1175 961 1201 eo
978 1160 1070 1214 ipso
1087 1176 1233 1202 omnes
1250 1163 1496 1218 dogmatum
1510 1165 1884 1207 demonstrationes
1896 1168 1925 1209 81
1938 1182 2047 1209 erro-

109 1234 202 1260 rum
229 1219 505 1261 refutationes
525 1235 573 1261 ex
597 1219 803 1274 expressis
821 1219 1052 1273 scripturae
1069 1220 1208 1261 verbis
1225 1223 1392 1263 tantum
1410 1223 1626 1265 admisisse
1643 1224 1860 1276 hactenus,
1879 1228 1952 1267 aut
1969 1226 2048 1267 eti-

109 1293 279 1319 amnum
305 1279 370 1319 vel
395 1279 640 1320 admittere:
671 1279 781 1332 quod
805 1292 899 1319 cum
922 1280 1091 1319 strenue
1123 1282 1251 1334 neget
1268 1280 1455 1322 doctrina
1472 1283 1501 1324 81
1523 1282 1664 1336 praxis
1682 1285 1839 1334 nostra,
1857 1284 1943 1325 ruit
1959 1287 2049 1326 tota

108 1337 294 1390 ipsorum
318 1338 463 1378 moles.
491 1336 548 1379 II.
575 1336 757 1378 Sumunt
785 1337 867 1378 sibi
897 1336 975 1377 hoc
991 1337 1266 1390 postulatum,
1283 1339 1327 1379 in
1344 1340 1538 1382 omnibus
1560 1341 1903 1383 collocationibus
1921 1343 2049 1384 colla-

107 1395 189 1436 tori
216 1398 358 1437 nostro
390 1396 582 1450 quamvis
615 1398 840 1450 provocato
870 1398 1037 1436 tantum
1064 1395 1306 1439 incumbere
1328 1401 1469 1452 partes
1487 1399 1705 1453 probandi,
1723 1415 1806 1441 non
1823 1415 1920 1442 vero
1937 1401 2048 1443 Pon-

107 1454 258 1495 tificio:
288 1454 407 1503 Quod
431 1470 525 1496 cum
546 1469 669 1496 nemo
687 1469 812 1495 sanus
829 1454 915 1494 illis
931 1455 1195 1507 concesserit,
1218 1457 1424 1499 naturalis
1441 1458 1567 1500 etiam
1586 1459 1694 1500 ratio
1713 1460 1742 1502 81
1760 1459 1964 1513 aequitas,
1982 1462 2046 1501 at-

107 1527 187 1566 que
215 1513 316 1554 adeo
340 1528 483 1555 omnes
511 1513 783 1555 collationum
805 1513 919 1566 leges
937 1512 966 1554 81
984 1516 1187 1567 perpetua
1205 1515 1346 1568 praxis
1368 1518 1456 1557 tam
1474 1517 1743 1572 antiquarum
1761 1533 1888 1572 quam
1904 1534 2047 1560 recen-

106 1571 274 1622 tiorum,
308 1571 435 1612 etiam
462 1572 650 1613 omnium
671 1571 988 1612 Pontificiorum
1006 1586 1100 1612 cum
1117 1573 1270 1614 nostris
1291 1574 1377 1615 sive
1395 1575 1490 1617 viva
1507 1590 1604 1617 voce
1622 1576 1708 1618 sive
1730 1577 1898 1631 scriptis
1915 1592 2047 1632 usque

106 1630 157 1670 ad
185 1629 418 1672 Gunterum
448 1633 477 1673 &
504 1630 756 1681 Verronum,
781 1632 846 1672 810.
875 1630 1085 1671 exclusive
1113 1632 1368 1674 contrarium
1384 1634 1509 1688 plane
1529 1635 1724 1684 doceant:
1753 1650 1919 1677 rursum
1940 1636 1984 1677 in
2003 1651 2046 1678 se

105 1688 262 1729 corruit
294 1689 396 1730 haec
427 1689 662 1731 methodus.
696 1688 807 1737 Quin
838 1688 922 1729 imo
955 1690 1259 1742 contendimus,
1287 1690 1519 1734 Pontificiis
1547 1694 1703 1748 quippe
1731 1694 2043 1736 affirmantibus

107 1746 391 1801 Indalqentias
421 1756 655 1802 potestatem
684 1749 836 1801 Papae,
869 1748 1169 1802 satisfactiones
1197 1750 1421 1802 hamanus,
1438 1753 1687 1809 sacrificinm
1705 1753 1867 1802 Missae,
1886 1755 2044 1796 cattam

106 1806 354 1860 iinagyinnni,
379 1807 446 1848 810.
474 1807 573 1848 30113
600 1806 695 1847 istic
711 1806 951 1846 incumbere
970 1807 1283 1860 probationem:
1307 1809 1408 1851 fides
1432 1810 1543 1851 enim
1561 1812 1590 1853 81
1612 1811 1845 1866 Theologia
1863 1812 1915 1853 ad
1932 1813 2044 1854 salu-

104 1867 191 1905 tem
212 1866 446 1906 necessaria
462 1880 536 1919 per
553 1880 595 1906 se
612 1879 695 1905 non
712 1867 775 1905 est
791 1864 1003 1918 negativa,
1023 1865 1210 1919 alioquin
1229 1870 1337 1908 esset
1354 1868 1586 1920 indefinita,
1610 1871 1639 1912 81
1655 1870 1841 1918 infinita;
1866 1885 1960 1911 cum
1982 1885 2043 1912 ve-

107 1923 207 1964 ritas
223 1937 311 1965 sana
333 1924 384 1965 sit
406 1925 569 1978 salsitas
590 1923 820 1976 wittipteoe,
839 1924 946 1963 teste
964 1922 1245 1978 Philosopho:
1264 1929 1482 1979 praeterea
1498 1928 1612 1968 omni
1625 1929 1719 1982 jure
1737 1928 1835 1969 solis
1853 1928 2044 1980 illis,non

104 1981 224 2022 nobis
256 1981 462 2023 incumbit
498 1982 705 2036 probatio,
744 1981 894 2022 saltem
927 1995 1020 2021 cum
1054 1982 1261 2024 actionem
1292 1985 1507 2037 novitatis,
1539 1986 1774 2037 haereseos,
1793 1987 2041 2041 apostasiae,

103 2039 340 2082 schismatis
358 2041 661 2095 temporalibus
679 2041 708 2082 81
730 2039 912 2080 aeternis
929 2039 1111 2081 flammis
1133 2042 1330 2095 expiandi
1342 2043 1462 2084 nobis
1479 2044 1704 2086 intentant.
1723 2044 1801 2087 ΙΙΙ.
1820 2044 2039 2099 Siquidem

105 2112 203 2152 ergo
220 2098 487 2140 histrioniam
503 2100 622 2140 illam
645 2097 918 2140 Verronicam
935 2098 1092 2152 absque
1110 2114 1284 2154 operosa
1296 2102 1542 2154 probatione
1555 2104 1722 2145 eludere
1734 2104 1854 2145 nobis
1867 2104 2017 2146 liberet
2032 2121 2041 2155 3

103 2159 341 2210 peteremus
373 2159 482 2212 quod
503 2159 605 2199 olim
622 2157 835 2212 Diogenes
855 2158 879 2197 a
899 2155 1099 2210 Sophista
1117 2159 1298 2212 quodam
1316 2163 1563 2215 argutante:
1602 2163 1721 2215 Qitod
1737 2176 1806 2217 eqo
1824 2176 1920 2204 snm
1937 2163 1981 2204 id
1998 2171 2042 2206 ta
2086 2213 2092 2216 ¹

105 2228 190 2256 non
220 2230 272 2266 es,
301 2217 385 2271 qu
410 2230 505 2259 snm
531 2217 665 2267 homo,
693 2229 801 2270 erqo.
829 2216 862 2256 A
879 2229 957 2265 mc,
980 2215 1212 2270 inquiebat,
1236 2218 1368 2272 incipe
1380 2235 1395 2268 ;
1413 2221 1458 2260 ut
1481 2221 1505 2260 a
1526 2220 1645 2261 nobis
1664 2221 1791 2262 etiam
1809 2221 2042 2275 inciperent

104 2272 336 2329 Verronici,
370 2276 399 2316 81
430 2275 490 2316 110
524 2275 643 2331 [pag-
679 2274 724 2329 7]
757 2273 1060 2315 firmitudinem
1091 2275 1215 2330 hujus
1243 2292 1342 2318 suae
1363 2278 1551 2319 methodi
1574 2279 1851 2333 explorarent.
1885 2279 2041 2322 Ausint

104 2334 314 2374 affirmare
344 2347 419 2374 nos
452 2348 540 2375 esse
569 2332 871 2382 schismaticos,
899 2331 1144 2386 Apostatas,
1166 2333 1427 2387 Haereticos,
1454 2338 1519 2379 810.
1547 2338 1657 2390 quod
1683 2337 1785 2379 facit
1810 2338 2038 2380 Concilium

110 2391 400 2434 Tridentinam
422 2406 515 2433 sess.
539 2393 604 2433 13,
631 2392 673 2434 in
698 2390 831 2433 Octob.
854 2390 980 2432 1551.
1004 2392 1042 2435 ἃ·
1059 2407 1155 2435 sess.
1175 2394 1244 2435 21.
1265 2394 1331 2436 16.
1349 2394 1455 2437 Jutii
1473 2395 1598 2437 1562.
1617 2395 1760 2437 Sinon
1778 2396 1931 2447 ausint,
1949 2397 2039 2451 jam

103 2449 461 2503 triumpharemus
494 2450 605 2504 apud
629 2448 829 2490 dramatis
857 2451 1133 2502 spectatores3
1168 2453 1202 2494 si
1230 2453 1370 2494 ausint
1397 2454 1486 2507 jam
1513 2454 1616 2508 ipsis
1633 2454 1897 2508 probandum
1914 2457 2038 2506 esset,

102 2510 176 2548 aut
204 2509 490 2550 vadimonium
515 2508 801 2550 deserendum.
834 2506 1160 2552 Concederemus
1178 2514 1225 2552 ut
1242 2512 1510 2565 probationes
1528 2527 1611 2553 non
1627 2514 1794 2554 tantum
1816 2513 2037 2567 deprome-

102 2568 196 2606 rent
213 2581 263 2608 ex
285 2567 516 2621 scripturis,
535 2568 605 2609 sed
623 2566 751 2608 etiam
769 2580 818 2606 ex
836 2564 1030 2609 Conciliis
1048 2570 1078 2611 81
1099 2568 1311 2621 Patribus,
1330 2585 1432 2624 quos
1451 2574 1653 2625 perpetuo
1670 2574 1856 2625 crepant.
1885 2570 2037 2613 Osten-

102 2624 202 2665 dant
218 2625 338 2666 nobis
354 2640 437 2667 non
453 2626 650 2667 humanis
667 2624 988 2677 consequentiis,
1006 2642 1092 2668 non
1103 2627 1384 2670 Aristotelicis
1397 2627 1662 2684 Syllogismis
1676 2631 1742 2685 (ut
1752 2630 1873 2671 nobis
1887 2644 2037 2684 expro-

100 2682 244 2736 brant)
269 2685 341 2725 sed
368 2684 538 2738 liquidis
561 2682 781 2726 sententiis
808 2685 1014 2735 expressis
1034 2686 1195 2728 verbis:
1214 2687 1507 2739 Protestantes,
1524 2689 1767 2739 Latlzerani,
1789 2689 2035 2740 Calviniani‚

99 2741 238 2796 Anyti,
265 2742 384 2794 Scoti,
429 2743 771 2798 Wittebeiyenses,
803 2741 1062 2793 Genevcnses,
1092 2746 1287 2797 Emdani,
1326 2745 1399 2788 θέο.
1419 2755 1491 2789 ant
1513 2747 1722 2799 Calvinus,
1742 2748 1866 2798 Beza,
1890 2748 2035 2789 Zmin-

98 2800 223 2855 qaus,
247 2802 419 2859 Martyr,
438 2802 637 2855 Buca-as,
661 2799 871 2844 Masculus
887 2798 960 2846 «stc.
978 2812 1075 2848 sant
1092 2813 1320 2858 novatores,
1341 2806 1528 2849 haeretici
1538 2821 1554 2856 ;
1580 2807 1641 2849 vet
1658 2820 1744 2849 non
1762 2813 1937 2862 possunt
1953 2807 2033 2849 sal-

1931 2878 2035 2915 vam,
