2399 3084
432 100 740 142 DOGMATIS
773 115 835 141 nn
869 98 1530 141 SS.TR1N1TATE.PARS
1563 112 1798 139 ALTERA.
2001 98 2081 138 101

196 224 243 270 4.
276 224 472 266 Alterum
496 223 753 277 quaestionis
773 222 1009 263 membrum
1028 224 1110 262 est:
1144 220 1212 262 An
1235 221 1279 261 in
1302 220 1467 262 Politiis
1485 219 1750 270 Christianis,
1773 219 1939 260 haeresi
1960 219 2084 260 Anti-

137 284 391 325 Trinitariae
423 282 672 324 nominatim
701 280 949 322 Socinianae
984 280 1158 321 libertas
1190 279 1378 321 exercitii
1400 294 1472 320 seu
1495 281 1689 320 coetuum
1709 277 2086 319 ecclesiasticorum

137 343 363 384 celebratio
394 341 582 396 publica,
617 343 690 381 aut
712 339 1065 394 privato-publica
1084 338 1345 379 concedenda
1362 337 1429 379 sit.
1448 337 1537 378 Nos
1560 339 1784 389 negantem
1808 336 2085 387 defendimus,

140 417 233 443 cum
267 402 347 442 hac
374 401 463 442 scil.
480 399 748 447 limitatione,
767 398 973 452 siquidem
995 397 1270 452 Magistratui
1293 397 1348 437 sit
1365 398 1394 438 &
1411 398 1597 450 potestas
1620 397 1648 437 81
1666 395 1855 449 potentia
1868 410 1936 436 eos
1953 395 2087 449 impe—

139 459 292 508 diendi,
307 460 464 513 absque
484 458 669 513 periculo
688 456 984 507 subversionis,
1009 459 1082 497 aut
1104 455 1380 505 gravissimae
1395 454 1676 495 concussionis
1703 453 1988 507 Reipublicae.
2022 453 2086 494 De

139 534 221 573 qua
248 518 503 559 limitatione
536 517 579 558 in
617 531 770 571 genere
803 515 966 570 egimus
1004 515 1047 555 in
1079 515 1188 569 disp.
1222 515 1271 555 de
1302 513 1498 555 Libertate
1515 513 1781 554 conscientiae
1798 513 1870 555 ἃὉ.
1896 512 1977 553 Hic
1996 527 2088 553 eam

142 578 292 619 saltem
319 576 716 631 praesupponimus:
751 575 808 616 Et
825 575 1008 615 rationes
1026 574 1129 615 istas
1147 573 1388 614 adferimus.
1421 571 1455 613 I.
1488 571 1595 621 Quia
1627 574 1690 612 est
1706 571 1873 611 funesta
1889 571 2088 620 haeresis,

136 636 245 678 circa
280 636 415 690 primo
449 635 632 689 primum
665 634 987 675 fundamentum
1020 633 1068 673 de
1102 632 1313 673 Trinitate
1336 631 1365 672 &1
1384 631 1493 672 circa
1516 645 1738 683 personam
1758 629 1915 670 Christi
1935 644 1943 670 ε
1963 629 2084 683 atqui

138 695 295 736 talibus
313 695 558 736 haeresibus
575 694 817 734 libertatem
835 707 907 733 seu
940 692 1154 733 licentiam
1172 705 1255 731 non
1273 705 1362 731 esse
1381 689 1698 738 concedendam,
1717 690 1763 729 ut
1781 691 2026 742 grassentur
2044 688 2088 728 in

142 754 369 807 perniciem
398 753 578 794 nominis
595 751 843 801 Christiani,
867 750 1144 805 ignominiam
1162 749 1344 790 nominis
1362 748 1506 796 divini,
1526 747 1810 788 seductionem
1832 747 2083 797 animarum,

140 813 499 867 perturbationem
533 811 745 860 ecclesiae,
780 812 809 852 a
842 812 1145 862 consequenter
1167 807 1454 862 Reipublicae,
1475 806 1625 847 statuit
1643 805 1861 847 universus
1879 805 2086 846 Christia-

139 871 299 912 nismus
332 873 420 912 tam
452 869 692 924 theologice
725 884 852 922 quam
875 868 1064 922 politice:
1089 868 1206 921 cujus
1229 866 1437 908 sententia
1456 880 1505 906 ex
1538 865 1768 918 scripturae
1787 864 2040 905 testimoniis
2061 864 2090 906 81

139 929 373 971 rationibus
401 929 445 970 in
477 943 628 983 genere
648 928 676 969 81
695 942 745 968 ex
763 927 951 981 professo
974 926 1213 967 defenditur
1234 925 1278 966 in
1295 926 1371 966 loc.
1391 939 1539 965 comm.
1560 938 1686 977 supra
1708 923 1777 964 cit.
1796 922 1845 964 In
1862 922 2087 977 hypothesi

140 989 209 1030 hic
231 991 397 1029 tantum
429 987 760 1029 subsumendum
793 988 868 1032 est,
893 984 1138 1026 Socinianas
1160 985 1355 1025 haereses
1379 998 1467 1024 esse
1486 983 1617 1023 tales:
1637 982 1747 1036 quod
1763 981 1996 1023 rationibus
2015 996 2089 1035 pro

139 1047 389 1088 necessitate
439 1048 468 1089 &
513 1046 697 1087 utilitate
742 1044 952 1099 dogmatis
995 1044 1045 1084 de
1077 1043 1287 1084 Trinitate
1323 1042 1464 1083 allatis
1498 1041 1600 1082 satis
1636 1041 1861 1095 probatum
1894 1040 2088 1081 arbitror.

141 1105 196 1147 Π.
231 1105 338 1154 Quia
371 1108 435 1147 est
466 1103 629 1150 ἁσέβεικ
652 1104 861 1158 impietas,
881 1103 1101 1156 conjuncta
1120 1117 1215 1143 cum
1236 1101 1455 1142 horrendis
1472 1099 1762 1153 blasphemiis.
1781 1099 2016 1152 ubicunque
2034 1113 2089 1140 sc.

141 1165 315 1206 libertas
336 1163 628 1218 prophetandi,
648 1164 677 1204 &
697 1178 772 1203 sua
790 1162 1016 1203 secundum
1034 1176 1195 1202 morem
1218 1175 1265 1202 ac
1284 1160 1524 1201 methodum
1541 1157 1951 1199 Remonstranticam
1969 1160 2092 1212 prout

142 1224 279 1264 visum
296 1223 424 1264 fuerit
443 1225 472 1265 &
489 1238 539 1264 ex
557 1237 657 1263 suae
679 1220 958 1262 conscientiae
982 1220 1207 1261 dictamine
1225 1219 1496 1273 proponendi,
1516 1217 1692 1271 urgendi
1711 1220 2046 1262 ἁνασκευαστικώς
2063 1216 2092 1258 81

144 1286 518 1328 καί-οεσ-κεωεο-τικᾷῃῚ
549 1280 790 1321 obtinuerit.
811 1279 1018 1333 Exempla
1034 1278 1394 1332 blasphemiarum
1415 1276 1592 1324 Serveti,
1611 1278 1639 1318 &
1658 1275 1948 1316 Ministrorum
1968 1275 2093 1315 Anti-

144 1341 345 1382 Trinitar.
384 1341 427 1381 in
462 1339 804 1394 Transsylvania,
838 1341 866 1381 81
899 1338 1102 1378 similium
1125 1337 1228 1378 satis
1251 1340 1351 1377 nota
1374 1338 1484 1385 sunt,
1503 1350 1609 1389 quae
1633 1335 1790 1388 legant,
1811 1334 1883 1387 qui
1897 1336 2090 1388 possunt;

143 1415 278 1454 neque
313 1400 424 1441 enim
460 1399 669 1440 horrenda
700 1398 775 1438 illa
812 1397 968 1438 referre
1002 1396 1085 1437 fert
1103 1396 1268 1437 animus
1284 1395 1367 1436 nisi
1395 1409 1559 1435 summa
1576 1393 1825 1434 necessitate
1845 1393 1964 1447 [pag.
1984 1392 2091 1448 502]

142 1462 330 1512 urgente.
354 1458 462 1499 Vide
489 1458 648 1500 Calvini
680 1456 965 1511 defensionem
983 1458 1126 1496 contra
1144 1454 1377 1496 Servetum.
1395 1452 1473 1495 III.
1492 1452 1599 1502 Quia
1617 1455 1680 1493 est
1696 1451 1935 1492 idololatria
1953 1451 2087 1492 multo

144 1517 375 1559 evidentior
407 1517 437 1559 81
468 1516 604 1571 magis
622 1515 853 1557 theoretica
871 1516 899 1556 ἃ
917 1529 951 1555 ci
962 1529 1055 1555 assa
1073 1529 1199 1568 quam
1218 1528 1280 1553 ex.
1300 1527 1363 1567 gr.
1383 1515 1446 1553 est
1463 1511 1670 1552 invocatio
1690 1510 1849 1551 Mariae
1873 1510 1902 1552 &
1926 1512 2090 1551 sancto-

144 1591 237 1617 rum
271 1577 315 1617 in
342 1578 522 1630 papatu:
560 1575 635 1615 illa
668 1574 779 1615 enim
811 1576 899 1614 tam
933 1588 1070 1614 crasse
1103 1587 1186 1613 non
1205 1571 1375 1613 abducit
1398 1571 1449 1611 ad
1467 1570 1651 1611 alienum
1670 1569 1820 1618 Deum,
1847 1584 1973 1622 quam
1990 1568 2093 1609 haec

146 1634 387 1677 Sociniana:
421 1634 539 1688 atqui
572 1633 859 1675 seductoribus
892 1631 1166 1672 idololatricis
1189 1630 1406 1672 licentium
1425 1629 1741 1677 concedendam,
1760 1643 1841 1668 non
1861 1630 2025 1668 constat
2045 1642 2094 1668 ex

146 1695 273 1734 sacris
292 1693 439 1743 literis,
458 1693 609 1733 saltem
624 1707 708 1733 non
731 1707 781 1732 ex
804 1692 926 1733 Dent.
955 1692 1013 1731 l3.
1034 1705 1109 1731 nec
1126 1690 1207 1744 ipsi
1227 1688 1466 1730 Remonstr.
1503 1687 1644 1728 velint.
1669 1686 1744 1727 IV.
1764 1686 1871 1735 Quia
1894 1701 2088 1739 sequere-

145 1755 214 1793 tur
235 1753 278 1792 in
296 1752 490 1793 omnibus
508 1750 760 1795 Christianis
785 1749 949 1790 Politiis
968 1749 1184 1790 licentiam
1202 1749 1320 1789 illam
1338 1747 1643 1788 concedendam
1667 1744 1940 1793 Manichaeis,
1965 1744 2092 1798 Ophi-

145 1811 214 1858 tis‚
247 1810 516 1859 Simonianis,
551 1809 778 1857 Sethianis,
803 1808 1036 1857 Coelicolis,
1056 1806 1370 1848 Valentinianis
1398 1806 1526 1846 immo
1544 1805 1572 1845 &
1590 1803 1928 1851 Muhaniedistis,
1947 1802 2091 1844 Sama-

146 1869 253 1918 ritis,
281 1868 478 1910 Judaeis:
519 1868 669 1909 saltem
687 1867 738 1908 iis
761 1867 985 1907 haereticis
1004 1866 1076 1920 qui
1099 1866 1349 1919 scripturam
1368 1864 1525 1918 pariter
1543 1878 1636 1904 cum
1660 1862 1893 1903 Socinianis
1911 1862 2092 1902 honora-

146 1931 253 1978 rent,
292 1927 450 1969 Christi
482 1942 633 1968 nomen
667 1926 978 1980 profiterentur,
1014 1926 1043 1967 &
1075 1925 1203 1978 probe
1223 1924 1491 1976 modesteque
1519 1922 1702 1962 victuros
1721 1936 1764 1961 se
1782 1921 2090 1974 pollicerentur.

149 1987 267 2036 Quod
299 1986 333 2028 si
363 1986 573 2040 excipiant
606 1985 847 2025 libertatem
879 1984 1009 2024 talem
1042 1998 1125 2024 non
1149 1997 1237 2023 esse
1261 1982 1381 2022 dictis
1400 1980 1637 2022 errantibus
1655 1979 1972 2028 concedendam,
1991 1993 2093 2033 rogo

149 2047 177 2087 &
196 2045 384 2086 obtestor
401 2048 447 2086 ut
465 2044 649 2085 rationes
668 2043 849 2097 liquidas
870 2057 919 2083 ex
937 2042 1145 2096 scriptura
1163 2042 1423 2095 depromant,
1444 2039 1595 2093 quibus
1618 2038 1796 2092 probent
1809 2037 2091 2078 differentiam

153 2103 389 2158 specificam
412 2104 522 2144 inter
538 2102 771 2144 haereticos
789 2101 910 2142 modo
929 2101 1073 2151 dictos,
1094 2100 1280 2153 aliosque
1298 2099 1324 2141 J
1328 2114 1400 2140 ure
1419 2097 1541 2139 Civili
1560 2096 1807 2151 prohibitos,
1826 2096 1854 2137 &
1871 2096 1980 2137 inter
1997 2095 2092 2137 Mu-

148 2162 407 2203 hamedistas
439 2163 468 2204 82
503 2161 760 2203 Socinianos.
778 2160 831 2201 V.
851 2159 957 2209 Quia
975 2160 1244 2200 observatum
1262 2157 1606 2211 blasphemarum
1624 2155 1827 2209 ejusmodi
1845 2155 2091 2196 haereseum

149 2220 467 2275 permissionem
499 2221 745 2273 plerumque
779 2219 925 2273 gravia
963 2218 1044 2259 Dei
1076 2218 1234 2272 judicia
1267 2216 1431 2257 Politiis
1451 2229 1683 2258 accersere:
1703 2217 1847 2254 contra
1867 2214 2090 2254 earundem

150 2279 456 2321 coercitionem.
474 2278 556 2319 Dei
574 2278 895 2319 benedictiones.
930 2277 1048 2326 Quod
1067 2291 1142 2317 sua
1160 2278 1298 2317 aetate
1317 2274 1514 2316 accidisse
1541 2273 1710 2327 egregie
1733 2272 1926 2313 observat
1949 2271 2091 2313 Ambr.

149 2339 194 2380 ’ἱη
214 2352 351 2393 praes.
381 2338 437 2379 ad
462 2338 487 2378 l.
506 2337 555 2377 (le
572 2336 640 2391 Sp.
660 2350 692 2377 s.
711 2335 785 2376 VI.
806 2336 975 2377 Accedit
993 2336 1134 2389 praxis
1153 2333 1466 2376 Christianismi
1484 2334 1513 2374 St
1531 2331 1708 2385 antiqui,
1743 2332 1771 2373 &
1788 2330 2002 2387 hodierni:
2022 2330 2094 2371 ubi

149 2396 350 2438 Ecclesiis
384 2397 413 2438 ἃ
448 2410 591 2436 earum
623 2394 876 2435 Doctoribus
899 2395 959 2435 ita
981 2393 1294 2448 postulantibus
1317 2392 1492 2433 libertas
1513 2391 1588 2431 illa
1617 2404 1780 2443 semper
1797 2392 1949 2443 negata
1968 2388 2093 2429 Anti-

151 2455 406 2505 Trinitariis,
425 2454 590 2508 quando
608 2453 756 2507 negari
773 2453 924 2507 potuit,
943 2453 972 2493 &
990 2455 1107 2493 tanto
1126 2452 1312 2493 strictius
1331 2453 1487 2504 quanto
1504 2449 1720 2502 Principes
1738 2463 1784 2489 ac
1801 2447 2092 2502 Magistratus,

150 2514 370 2568 sapientia,
409 2514 581 2567 pietate,
619 2511 778 2552 virture
810 2511 1004 2552 omnibus
1038 2511 1131 2551 aliis
1170 2510 1308 2564 magis
1345 2508 1658 2563 praecellerent.
1679 2506 1931 2547 Notavimus
1955 2507 2013 2548 lic.
2035 2508 2092 2557 C.‚

151 2587 245 2614 cum
265 2572 416 2625 quibus
444 2573 556 2612 iacta
584 2570 864 2617 Constantini,
898 2569 1138 2619 Theodosii,
1173 2567 1374 2609 Martiani
1387 2567 1452 2609 &c-
1471 2565 1729 2607 consensisse
1745 2568 1956 2606 testantur
1972 2565 2092 2607 histo-

150 2632 238 2673 riae
273 2630 585 2674 Εσοίεδίαείίοαε,
624 2630 653 2671 81
670 2630 766 2670 Acca
786 2629 1063 2670 Consiliorum
1097 2627 1319 2668 Inveniens
1337 2626 1397 2666 ibi
1419 2624 1536 2666 varia
1554 2625 1719 2665 decreta
1737 2624 1888 2678 quibus
1905 2623 2092 2677 Impera-

150 2692 261 2731 tores
279 2689 524 2743 proscriptis
542 2687 786 2729 haeresibus
808 2701 1109 2740 nonnunquam
1130 2685 1298 2726 mulctis
1322 2686 1350 2726 81
1368 2683 1511 2737 poenis
1529 2682 1751 2736 impositis,
1770 2682 1893 2723 fidem
1913 2682 2092 2723 catholi-

151 2763 242 2789 cam
274 2746 581 2789 communiunt:
618 2760 724 2800 quae
756 2745 930 2786 collecta
953 2745 1045 2785 vide
1065 2747 1088 2785 a
1113 2745 1304 2786 Goldasco
1327 2744 1372 2784 in
1393 2741 1595 2784 Constitue
1628 2742 1780 2795 Imper.
1815 2740 2092 2782 Memorabile

152 2809 215 2848 est
230 2806 336 2848 illud.
353 2806 463 2860 quod
480 2804 661 2846 refertur
678 2804 727 2844 de
744 2803 855 2844 facto
873 2802 1164 2857 Amphilochii
1180 2801 1378 2857 Episcopi
1389 2800 1532 2851 Iconii,
1552 2814 1632 2854 quo
1651 2799 1909 2842 Theodosius
1926 2813 2091 2855 permo-

2024 2860 2092 2899 tus
