<?xml version="1.0" encoding="UTF-8"?>
<!DOCTYPE html PUBLIC "-//W3C//DTD XHTML 1.0 Transitional//EN"
    "http://www.w3.org/TR/xhtml1/DTD/xhtml1-transitional.dtd">
<html xmlns="http://www.w3.org/1999/xhtml" xml:lang="en" lang="en">
 <head>
  <title>
</title>
<meta http-equiv="Content-Type" content="text/html;charset=utf-8" />
  <meta name='ocr-system' content='tesseract 3.04.00' />
  <meta name='ocr-capabilities' content='ocr_page ocr_carea ocr_par ocr_line ocrx_word'/>
</head>
<body>
  <div class='ocr_page' id='page_1' title='image "./gysbertivoetiise00voet_0371.png"; bbox 0 0 2399 3084; ppageno 0'>
   <div class='ocr_carea' id='block_1_1' title="bbox 552 73 2060 122">
    <p class='ocr_par' dir='ltr' id='par_1_1' title="bbox 552 73 2060 122">
     <span class='ocr_line' id='line_1_1' title="bbox 552 73 2060 122; baseline -0.006 0"><span class='ocrx_word' id='word_1_1' title='bbox 552 74 1617 122; x_wconf 63' lang='lat' dir='ltr'>str.XII.DELEGEETE1JANGE1.10.</span> <span class='ocrx_word' id='word_1_2' title='bbox 1977 73 2060 113; x_wconf 72' lang='lat'>343</span> 
     </span>
    </p>
   </div>
   <div class='ocr_carea' id='block_1_2' title="bbox 108 195 2070 2781">
    <p class='ocr_par' dir='ltr' id='par_1_2' title="bbox 123 195 2062 258">
     <span class='ocr_line' id='line_1_2' title="bbox 123 195 2062 258; baseline -0.006 -11"><span class='ocrx_word' id='word_1_3' title='bbox 123 205 212 248; x_wconf 87' lang='lat' dir='ltr'>sine</span> <span class='ocrx_word' id='word_1_4' title='bbox 229 205 334 246; x_wconf 73' lang='lat' dir='ltr'>dura</span> <span class='ocrx_word' id='word_1_5' title='bbox 349 206 491 244; x_wconf 80' lang='lat' dir='ltr'>tamen</span> <span class='ocrx_word' id='word_1_6' title='bbox 511 203 540 245; x_wconf 84' lang='grc'>81</span> <span class='ocrx_word' id='word_1_7' title='bbox 557 201 694 258; x_wconf 73' lang='lat' dir='ltr'>rigida</span> <span class='ocrx_word' id='word_1_8' title='bbox 711 200 960 256; x_wconf 72' lang='lat' dir='ltr'>repetitione</span> <span class='ocrx_word' id='word_1_9' title='bbox 973 199 1098 254; x_wconf 81' lang='lat' dir='ltr'>Legis</span> <span class='ocrx_word' id='word_1_10' title='bbox 1112 199 1163 240; x_wconf 86' lang='lat' dir='ltr'>ad</span> <span class='ocrx_word' id='word_1_11' title='bbox 1175 198 1490 248; x_wconf 88' lang='lat' dir='ltr'>convictionem,</span> <span class='ocrx_word' id='word_1_12' title='bbox 1505 211 1587 238; x_wconf 89' lang='lat' dir='ltr'>non</span> <span class='ocrx_word' id='word_1_13' title='bbox 1600 196 1834 251; x_wconf 74' lang='lat' dir='ltr'>promiscue</span> <span class='ocrx_word' id='word_1_14' title='bbox 1847 195 2062 251; x_wconf 77' lang='lat' dir='ltr'><strong>quibusvis</strong></span> 
     </span>
    </p>

    <p class='ocr_par' dir='ltr' id='par_1_3' title="bbox 108 254 2064 423">
     <span class='ocr_line' id='line_1_3' title="bbox 108 254 2064 315; baseline -0.006 -10"><span class='ocrx_word' id='word_1_15' title='bbox 108 262 381 313; x_wconf 84' lang='lat' dir='ltr'>nationibus,</span> <span class='ocrx_word' id='word_1_16' title='bbox 414 262 486 303; x_wconf 86' lang='lat' dir='ltr'>sed</span> <span class='ocrx_word' id='word_1_17' title='bbox 522 259 875 315; x_wconf 72' lang='lat' dir='ltr'>patriarchalibus</span> <span class='ocrx_word' id='word_1_18' title='bbox 907 259 1090 314; x_wconf 86' lang='lat' dir='ltr'>primum</span> <span class='ocrx_word' id='word_1_19' title='bbox 1122 257 1310 308; x_wconf 85' lang='lat' dir='ltr'>familiis,</span> <span class='ocrx_word' id='word_1_20' title='bbox 1334 257 1480 298; x_wconf 87' lang='lat' dir='ltr'>deinde</span> <span class='ocrx_word' id='word_1_21' title='bbox 1498 256 1651 310; x_wconf 85' lang='lat' dir='ltr'>populo</span> <span class='ocrx_word' id='word_1_22' title='bbox 1669 255 1901 297; x_wconf 74' lang='lat' dir='ltr'>Israelitico</span> <span class='ocrx_word' id='word_1_23' title='bbox 1918 254 2064 295; x_wconf 85' lang='lat' dir='ltr'>foedus</span> 
     </span>
     <span class='ocr_line' id='line_1_4' title="bbox 122 312 2060 376; baseline -0.005 -12"><span class='ocrx_word' id='word_1_24' title='bbox 122 323 202 365; x_wconf 88' lang='lat' dir='ltr'>hoc</span> <span class='ocrx_word' id='word_1_25' title='bbox 217 320 481 376; x_wconf 88' lang='lat' dir='ltr'>propositum</span> <span class='ocrx_word' id='word_1_26' title='bbox 497 319 601 361; x_wconf 87' lang='lat' dir='ltr'>fuit:</span> <span class='ocrx_word' id='word_1_27' title='bbox 626 319 698 361; x_wconf 87' lang='lat' dir='ltr'>sed</span> <span class='ocrx_word' id='word_1_28' title='bbox 721 318 791 360; x_wconf 90' lang='lat' dir='ltr'>hic</span> <span class='ocrx_word' id='word_1_29' title='bbox 812 319 937 373; x_wconf 78' lang='lat' dir='ltr'>longe</span> <span class='ocrx_word' id='word_1_30' title='bbox 955 317 1038 358; x_wconf 88' lang='lat' dir='ltr'>alio</span> <span class='ocrx_word' id='word_1_31' title='bbox 1060 317 1090 358; x_wconf 88' lang='grc'>81</span> <span class='ocrx_word' id='word_1_32' title='bbox 1110 316 1276 358; x_wconf 87' lang='lat' dir='ltr'>meliori</span> <span class='ocrx_word' id='word_1_33' title='bbox 1294 316 1437 357; x_wconf 88' lang='lat' dir='ltr'>modo:</span> <span class='ocrx_word' id='word_1_34' title='bbox 1462 315 1511 356; x_wconf 90' lang='lat' dir='ltr'>de</span> <span class='ocrx_word' id='word_1_35' title='bbox 1529 329 1610 368; x_wconf 80' lang='lat' dir='ltr'>quo</span> <span class='ocrx_word' id='word_1_36' title='bbox 1629 315 1652 354; x_wconf 89' lang='grc'>2</span> <span class='ocrx_word' id='word_1_37' title='bbox 1675 314 1856 356; x_wconf 78' lang='lat' dir='ltr'>Corimlz.</span> <span class='ocrx_word' id='word_1_38' title='bbox 1877 314 1916 355; x_wconf 86' lang='lat'>3.</span> <span class='ocrx_word' id='word_1_39' title='bbox 1942 312 2060 355; x_wconf 83' lang='lat' dir='ltr'>chr.</span> 
     </span>
     <span class='ocr_line' id='line_1_5' title="bbox 125 379 479 423; baseline -0.011 0"><span class='ocrx_word' id='word_1_40' title='bbox 125 382 163 423; x_wconf 87' lang='lat'>7.</span> <span class='ocrx_word' id='word_1_41' title='bbox 183 381 211 423; x_wconf 81' lang='lat'>&amp;</span> <span class='ocrx_word' id='word_1_42' title='bbox 230 382 269 422; x_wconf 88' lang='grc'>8.</span> <span class='ocrx_word' id='word_1_43' title='bbox 292 380 390 421; x_wconf 77' lang='lat' dir='ltr'>Luc.</span> <span class='ocrx_word' id='word_1_44' title='bbox 411 379 479 420; x_wconf 87' lang='lat'>10.</span> 
     </span>
    </p>

    <p class='ocr_par' dir='ltr' id='par_1_4' title="bbox 120 429 2065 1313">
     <span class='ocr_line' id='line_1_6' title="bbox 180 429 2060 492; baseline -0.005 -13"><span class='ocrx_word' id='word_1_45' title='bbox 180 438 348 480; x_wconf 90' lang='lat' dir='ltr'>Dicitur</span> <span class='ocrx_word' id='word_1_46' title='bbox 378 440 520 479; x_wconf 87' lang='lat' dir='ltr'>autem</span> <span class='ocrx_word' id='word_1_47' title='bbox 551 437 696 492; x_wconf 70' lang='lat' dir='ltr'>[bedas</span> <span class='ocrx_word' id='word_1_48' title='bbox 712 443 839 485; x_wconf 70' lang='lat' dir='ltr'>vetus,</span> <span class='ocrx_word' id='word_1_49' title='bbox 866 436 902 476; x_wconf 91' lang='lat'>1.</span> <span class='ocrx_word' id='word_1_50' title='bbox 924 435 1033 488; x_wconf 67' lang='lat' dir='ltr'>Quia</span> <span class='ocrx_word' id='word_1_51' title='bbox 1051 434 1166 488; x_wconf 89' lang='lat' dir='ltr'>prius</span> <span class='ocrx_word' id='word_1_52' title='bbox 1183 433 1278 475; x_wconf 85' lang='lat' dir='ltr'>fuit.</span> <span class='ocrx_word' id='word_1_53' title='bbox 1299 435 1336 475; x_wconf 85' lang='grc'>2.</span> <span class='ocrx_word' id='word_1_54' title='bbox 1367 432 1474 484; x_wconf 78' lang='lat' dir='ltr'>Qm‘a</span> <span class='ocrx_word' id='word_1_55' title='bbox 1486 433 1573 485; x_wconf 86' lang='lat' dir='ltr'>jam</span> <span class='ocrx_word' id='word_1_56' title='bbox 1592 432 1687 472; x_wconf 86' lang='lat' dir='ltr'>inde</span> <span class='ocrx_word' id='word_1_57' title='bbox 1711 434 1734 472; x_wconf 78' lang='lat' dir='ltr'>a</span> <span class='ocrx_word' id='word_1_58' title='bbox 1750 432 1872 485; x_wconf 87' lang='lat' dir='ltr'>lapsu</span> <span class='ocrx_word' id='word_1_59' title='bbox 1895 429 2060 480; x_wconf 88' lang='lat' dir='ltr'>Adami,</span> 
     </span>
     <span class='ocr_line' id='line_1_7' title="bbox 123 488 2061 550; baseline -0.006 -10"><span class='ocrx_word' id='word_1_60' title='bbox 123 496 398 540; x_wconf 88' lang='lat' dir='ltr'>Oeconomica</span> <span class='ocrx_word' id='word_1_61' title='bbox 432 496 530 537; x_wconf 88' lang='lat' dir='ltr'>talis</span> <span class='ocrx_word' id='word_1_62' title='bbox 563 494 860 550; x_wconf 73' lang='lat' dir='ltr'>promulgatio,</span> <span class='ocrx_word' id='word_1_63' title='bbox 894 495 923 536; x_wconf 89' lang='grc'>81</span> <span class='ocrx_word' id='word_1_64' title='bbox 956 493 1183 535; x_wconf 88' lang='lat' dir='ltr'>secundum</span> <span class='ocrx_word' id='word_1_65' title='bbox 1215 492 1320 533; x_wconf 84' lang='lat' dir='ltr'>illud</span> <span class='ocrx_word' id='word_1_66' title='bbox 1342 491 1421 533; x_wconf 90' lang='lat' dir='ltr'>Dei</span> <span class='ocrx_word' id='word_1_67' title='bbox 1442 505 1535 532; x_wconf 89' lang='lat' dir='ltr'>cum</span> <span class='ocrx_word' id='word_1_68' title='bbox 1559 490 1713 544; x_wconf 84' lang='lat' dir='ltr'>populo</span> <span class='ocrx_word' id='word_1_69' title='bbox 1732 504 1806 531; x_wconf 82' lang='lat' dir='ltr'>suo</span> <span class='ocrx_word' id='word_1_70' title='bbox 1825 488 2061 531; x_wconf 84' lang='lat' dir='ltr'>communio</span> 
     </span>
     <span class='ocr_line' id='line_1_8' title="bbox 123 547 2062 608; baseline -0.006 -10"><span class='ocrx_word' id='word_1_71' title='bbox 123 555 321 598; x_wconf 88' lang='lat' dir='ltr'>obtinuit.</span> <span class='ocrx_word' id='word_1_72' title='bbox 356 556 393 595; x_wconf 83' lang='lat'>3.</span> <span class='ocrx_word' id='word_1_73' title='bbox 431 555 540 608; x_wconf 66' lang='lat' dir='ltr'>Quia</span> <span class='ocrx_word' id='word_1_74' title='bbox 568 554 835 608; x_wconf 85' lang='lat' dir='ltr'>antiquatum</span> <span class='ocrx_word' id='word_1_75' title='bbox 854 552 936 593; x_wconf 87' lang='lat' dir='ltr'>fuit</span> <span class='ocrx_word' id='word_1_76' title='bbox 952 567 1026 606; x_wconf 82' lang='lat' dir='ltr'>per</span> <span class='ocrx_word' id='word_1_77' title='bbox 1042 554 1221 592; x_wconf 88' lang='lat' dir='ltr'>mortem</span> <span class='ocrx_word' id='word_1_78' title='bbox 1245 550 1416 600; x_wconf 77' lang='lat' dir='ltr'>Christi,</span> <span class='ocrx_word' id='word_1_79' title='bbox 1434 552 1542 590; x_wconf 73' lang='lat' dir='ltr'>nova</span> <span class='ocrx_word' id='word_1_80' title='bbox 1560 547 1951 606; x_wconf 64' lang='lat' dir='ltr'>dispensationeilli</span> <span class='ocrx_word' id='word_1_81' title='bbox 1969 561 2062 588; x_wconf 88' lang='lat' dir='ltr'>suc-</span> 
     </span>
     <span class='ocr_line' id='line_1_9' title="bbox 123 604 2058 667; baseline -0.005 -11"><span class='ocrx_word' id='word_1_82' title='bbox 123 615 307 657; x_wconf 83' lang='lat' dir='ltr'>cedente.</span> <span class='ocrx_word' id='word_1_83' title='bbox 341 613 398 655; x_wconf 87' lang='lat' dir='ltr'>Et</span> <span class='ocrx_word' id='word_1_84' title='bbox 429 613 595 667; x_wconf 84' lang='lat' dir='ltr'>triplice</span> <span class='ocrx_word' id='word_1_85' title='bbox 626 613 704 653; x_wconf 87' lang='lat' dir='ltr'>hoc</span> <span class='ocrx_word' id='word_1_86' title='bbox 741 614 932 665; x_wconf 87' lang='lat' dir='ltr'>respectu</span> <span class='ocrx_word' id='word_1_87' title='bbox 965 624 1120 652; x_wconf 71' lang='lat' dir='ltr'>novum</span> <span class='ocrx_word' id='word_1_88' title='bbox 1154 624 1204 651; x_wconf 81' lang='lat' dir='ltr'>ex</span> <span class='ocrx_word' id='word_1_89' title='bbox 1236 609 1427 664; x_wconf 89' lang='lat' dir='ltr'>opposito</span> <span class='ocrx_word' id='word_1_90' title='bbox 1445 607 1596 649; x_wconf 85' lang='lat' dir='ltr'>dicitur</span> <span class='ocrx_word' id='word_1_91' title='bbox 1613 622 1766 648; x_wconf 88' lang='lat' dir='ltr'>novum</span> <span class='ocrx_word' id='word_1_92' title='bbox 1794 620 1873 645; x_wconf 78' lang='grc' dir='ltr'>κκτ</span> <span class='ocrx_word' id='word_1_93' title='bbox 1903 604 2058 657; x_wconf 66' lang='grc' dir='ltr'>ἓξοχῆν.</span> 
     </span>
     <span class='ocr_line' id='line_1_10' title="bbox 124 664 2063 722; baseline -0.005 -8"><span class='ocrx_word' id='word_1_94' title='bbox 124 673 325 722; x_wconf 82' lang='lat' dir='ltr'>Quamvis</span> <span class='ocrx_word' id='word_1_95' title='bbox 348 675 488 713; x_wconf 89' lang='lat' dir='ltr'>autem</span> <span class='ocrx_word' id='word_1_96' title='bbox 508 672 610 712; x_wconf 82' lang='lat' dir='ltr'>haec</span> <span class='ocrx_word' id='word_1_97' title='bbox 628 670 880 712; x_wconf 88' lang='lat' dir='ltr'>dichotomia</span> <span class='ocrx_word' id='word_1_98' title='bbox 904 669 1083 711; x_wconf 85' lang='lat' dir='ltr'>foederis</span> <span class='ocrx_word' id='word_1_99' title='bbox 1101 669 1196 709; x_wconf 90' lang='lat' dir='ltr'>novi</span> <span class='ocrx_word' id='word_1_100' title='bbox 1214 668 1269 709; x_wconf 90' lang='lat' dir='ltr'>sit</span> <span class='ocrx_word' id='word_1_101' title='bbox 1286 667 1387 709; x_wconf 87' lang='lat' dir='ltr'>trita</span> <span class='ocrx_word' id='word_1_102' title='bbox 1405 668 1434 709; x_wconf 79' lang='lat'>&amp;</span> <span class='ocrx_word' id='word_1_103' title='bbox 1450 666 1552 707; x_wconf 86' lang='lat' dir='ltr'>satis</span> <span class='ocrx_word' id='word_1_104' title='bbox 1572 666 1805 719; x_wconf 81' lang='lat' dir='ltr'>perspicua,</span> <span class='ocrx_word' id='word_1_105' title='bbox 1823 664 1928 705; x_wconf 86' lang='grc'>1111111</span> <span class='ocrx_word' id='word_1_106' title='bbox 1948 666 2063 706; x_wconf 84' lang='lat' dir='ltr'>vetat</span> 
     </span>
     <span class='ocr_line' id='line_1_11' title="bbox 123 723 2062 784; baseline -0.006 -11"><span class='ocrx_word' id='word_1_107' title='bbox 123 735 262 774; x_wconf 88' lang='lat' dir='ltr'>tamen</span> <span class='ocrx_word' id='word_1_108' title='bbox 288 732 339 772; x_wconf 88' lang='lat' dir='ltr'>ad</span> <span class='ocrx_word' id='word_1_109' title='bbox 355 733 490 772; x_wconf 86' lang='lat' dir='ltr'>totum</span> <span class='ocrx_word' id='word_1_110' title='bbox 508 729 749 784; x_wconf 73' lang='lat' dir='ltr'>plenissime</span> <span class='ocrx_word' id='word_1_111' title='bbox 773 728 1118 778; x_wconf 82' lang='lat' dir='ltr'>exhauriendum,</span> <span class='ocrx_word' id='word_1_112' title='bbox 1137 727 1318 768; x_wconf 85' lang='lat' dir='ltr'>dividere</span> <span class='ocrx_word' id='word_1_113' title='bbox 1337 725 1481 767; x_wconf 87' lang='lat' dir='ltr'>foedus</span> <span class='ocrx_word' id='word_1_114' title='bbox 1499 724 1676 779; x_wconf 75' lang='lat' dir='ltr'>gratiae,</span> <span class='ocrx_word' id='word_1_115' title='bbox 1696 724 1805 777; x_wconf 86' lang='lat' dir='ltr'>quod</span> <span class='ocrx_word' id='word_1_116' title='bbox 1823 724 1873 764; x_wconf 87' lang='lat' dir='ltr'>ad</span> <span class='ocrx_word' id='word_1_117' title='bbox 1891 723 2062 764; x_wconf 84' lang='lat' dir='ltr'>modum</span> 
     </span>
     <span class='ocr_line' id='line_1_12' title="bbox 125 780 2064 845; baseline -0.006 -13"><span class='ocrx_word' id='word_1_118' title='bbox 125 789 391 845; x_wconf 87' lang='lat' dir='ltr'>dispensandi</span> <span class='ocrx_word' id='word_1_119' title='bbox 428 789 471 830; x_wconf 90' lang='lat' dir='ltr'>in</span> <span class='ocrx_word' id='word_1_120' title='bbox 494 796 620 839; x_wconf 74' lang='lat' dir='ltr'>vetus,</span> <span class='ocrx_word' id='word_1_121' title='bbox 648 801 816 838; x_wconf 68' lang='lat' dir='ltr'>novam,</span> <span class='ocrx_word' id='word_1_122' title='bbox 841 787 1038 838; x_wconf 84' lang='lat' dir='ltr'>medium,</span> <span class='ocrx_word' id='word_1_123' title='bbox 1057 785 1392 841; x_wconf 73' lang='lat' dir='ltr'>participationis</span> <span class='ocrx_word' id='word_1_124' title='bbox 1416 784 1502 824; x_wconf 75' lang='lat' dir='ltr'>scil.</span> <span class='ocrx_word' id='word_1_125' title='bbox 1527 786 1821 824; x_wconf 84' lang='lat' dir='ltr'>extremorum.</span> <span class='ocrx_word' id='word_1_126' title='bbox 1858 781 1969 823; x_wconf 74' lang='lat' dir='ltr'><em>Illud</em></span> <span class='ocrx_word' id='word_1_127' title='bbox 1982 780 2064 821; x_wconf 89' lang='lat' dir='ltr'>fuit</span> 
     </span>
     <span class='ocr_line' id='line_1_13' title="bbox 120 839 2063 904; baseline -0.006 -14"><span class='ocrx_word' id='word_1_128' title='bbox 120 850 207 904; x_wconf 85' lang='lat' dir='ltr'>jam</span> <span class='ocrx_word' id='word_1_129' title='bbox 239 848 334 889; x_wconf 88' lang='lat' dir='ltr'>inde</span> <span class='ocrx_word' id='word_1_130' title='bbox 358 850 381 889; x_wconf 76' lang='lat' dir='ltr'>a</span> <span class='ocrx_word' id='word_1_131' title='bbox 398 848 533 902; x_wconf 84' lang='lat' dir='ltr'>lapsu,</span> <span class='ocrx_word' id='word_1_132' title='bbox 551 862 683 901; x_wconf 87' lang='lat' dir='ltr'>usquc</span> <span class='ocrx_word' id='word_1_133' title='bbox 702 847 753 887; x_wconf 84' lang='lat' dir='ltr'>ad</span> <span class='ocrx_word' id='word_1_134' title='bbox 770 845 927 888; x_wconf 83' lang='lat' dir='ltr'>Christi</span> <span class='ocrx_word' id='word_1_135' title='bbox 949 845 1230 896; x_wconf 76' lang='lat' dir='ltr'>nativitatem,</span> <span class='ocrx_word' id='word_1_136' title='bbox 1246 843 1274 885; x_wconf 81' lang='lat' dir='ltr'><strong>J</strong></span> <span class='ocrx_word' id='word_1_137' title='bbox 1278 842 1453 884; x_wconf 88' lang='lat' dir='ltr'>ohannis</span> <span class='ocrx_word' id='word_1_138' title='bbox 1475 841 1694 895; x_wconf 79' lang='lat' dir='ltr'>Baptistae</span> <span class='ocrx_word' id='word_1_139' title='bbox 1713 841 1741 882; x_wconf 82' lang='grc'>81</span> <span class='ocrx_word' id='word_1_140' title='bbox 1760 840 1917 882; x_wconf 79' lang='lat' dir='ltr'>Christi</span> <span class='ocrx_word' id='word_1_141' title='bbox 1939 839 2063 880; x_wconf 89' lang='lat' dir='ltr'>mini-</span> 
     </span>
     <span class='ocr_line' id='line_1_14' title="bbox 125 896 2063 961; baseline -0.006 -12"><span class='ocrx_word' id='word_1_142' title='bbox 125 907 298 950; x_wconf 85' lang='lat' dir='ltr'>sterium</span> <span class='ocrx_word' id='word_1_143' title='bbox 314 921 322 948; x_wconf 91' lang='lat'>:</span> <span class='ocrx_word' id='word_1_144' title='bbox 343 906 471 958; x_wconf 71' lang='lat' dir='ltr'>Istud,</span> <span class='ocrx_word' id='word_1_145' title='bbox 484 906 572 961; x_wconf 79' lang='lat' dir='ltr'>jam</span> <span class='ocrx_word' id='word_1_146' title='bbox 594 905 689 946; x_wconf 85' lang='lat' dir='ltr'>inde</span> <span class='ocrx_word' id='word_1_147' title='bbox 708 908 732 946; x_wconf 78' lang='lat' dir='ltr'>a</span> <span class='ocrx_word' id='word_1_148' title='bbox 750 908 883 946; x_wconf 87' lang='lat' dir='ltr'>morte</span> <span class='ocrx_word' id='word_1_149' title='bbox 901 904 1072 956; x_wconf 81' lang='lat' dir='ltr'>Christi,</span> <span class='ocrx_word' id='word_1_150' title='bbox 1091 903 1405 946; x_wconf 80' lang='lat' dir='ltr'>resurrectione,</span> <span class='ocrx_word' id='word_1_151' title='bbox 1421 900 1673 949; x_wconf 76' lang='lat' dir='ltr'>ascensione.</span> <span class='ocrx_word' id='word_1_152' title='bbox 1693 901 1721 941; x_wconf 84' lang='lat'>&amp;</span> <span class='ocrx_word' id='word_1_153' title='bbox 1739 899 1935 940; x_wconf 82' lang='lat' dir='ltr'>missione</span> <span class='ocrx_word' id='word_1_154' title='bbox 1953 896 2063 951; x_wconf 84' lang='lat' dir='ltr'>Spir.</span> 
     </span>
     <span class='ocr_line' id='line_1_15' title="bbox 126 956 2064 1020; baseline -0.006 -13"><span class='ocrx_word' id='word_1_155' title='bbox 126 982 157 1007; x_wconf 83' lang='lat' dir='ltr'>s.</span> <span class='ocrx_word' id='word_1_156' title='bbox 189 964 276 1007; x_wconf 80' lang='lat' dir='ltr'>Ubi</span> <span class='ocrx_word' id='word_1_157' title='bbox 293 967 435 1006; x_wconf 88' lang='lat' dir='ltr'>tamen</span> <span class='ocrx_word' id='word_1_158' title='bbox 456 978 715 1020; x_wconf 77' lang='lat' dir='ltr'>progreSSUS,</span> <span class='ocrx_word' id='word_1_159' title='bbox 733 964 1054 1013; x_wconf 83' lang='lat' dir='ltr'>incrementum,</span> <span class='ocrx_word' id='word_1_160' title='bbox 1071 961 1389 1009; x_wconf 71' lang='lat' dir='ltr'>consummatio,</span> <span class='ocrx_word' id='word_1_161' title='bbox 1409 958 1625 1014; x_wconf 81' lang='lat' dir='ltr'>plenitudo</span> <span class='ocrx_word' id='word_1_162' title='bbox 1645 956 1968 1012; x_wconf 84' lang='lat' dir='ltr'>dispensationis</span> <span class='ocrx_word' id='word_1_163' title='bbox 1993 971 2064 996; x_wconf 81' lang='lat' dir='ltr'>ex-</span> 
     </span>
     <span class='ocr_line' id='line_1_16' title="bbox 124 1015 2062 1072; baseline -0.006 -7"><span class='ocrx_word' id='word_1_164' title='bbox 124 1025 284 1066; x_wconf 80' lang='lat' dir='ltr'>tensive</span> <span class='ocrx_word' id='word_1_165' title='bbox 311 1024 583 1065; x_wconf 87' lang='lat' dir='ltr'>observanda.</span> <span class='ocrx_word' id='word_1_166' title='bbox 617 1024 701 1065; x_wconf 84' lang='lat' dir='ltr'>Hoc</span> <span class='ocrx_word' id='word_1_167' title='bbox 721 1022 804 1063; x_wconf 86' lang='lat' dir='ltr'>fuit</span> <span class='ocrx_word' id='word_1_168' title='bbox 821 1025 845 1064; x_wconf 75' lang='lat' dir='ltr'>a</span> <span class='ocrx_word' id='word_1_169' title='bbox 866 1021 1088 1064; x_wconf 82' lang='lat' dir='ltr'>nativitate</span> <span class='ocrx_word' id='word_1_170' title='bbox 1111 1020 1268 1063; x_wconf 83' lang='lat' dir='ltr'>Christi</span> <span class='ocrx_word' id='word_1_171' title='bbox 1286 1021 1315 1062; x_wconf 89' lang='grc'>81</span> <span class='ocrx_word' id='word_1_172' title='bbox 1333 1019 1524 1072; x_wconf 74' lang='lat' dir='ltr'>deinceps</span> <span class='ocrx_word' id='word_1_173' title='bbox 1543 1032 1673 1071; x_wconf 85' lang='lat' dir='ltr'>usque</span> <span class='ocrx_word' id='word_1_174' title='bbox 1697 1017 1747 1057; x_wconf 87' lang='lat' dir='ltr'>ad</span> <span class='ocrx_word' id='word_1_175' title='bbox 1766 1018 1943 1057; x_wconf 87' lang='lat' dir='ltr'>mortem</span> <span class='ocrx_word' id='word_1_176' title='bbox 1962 1015 2062 1068; x_wconf 87' lang='lat' dir='ltr'>ejus.</span> 
     </span>
     <span class='ocr_line' id='line_1_17' title="bbox 124 1074 2062 1137; baseline -0.006 -13"><span class='ocrx_word' id='word_1_177' title='bbox 124 1082 174 1125; x_wconf 89' lang='lat' dir='ltr'>In</span> <span class='ocrx_word' id='word_1_178' title='bbox 206 1097 287 1137; x_wconf 87' lang='lat' dir='ltr'>quo</span> <span class='ocrx_word' id='word_1_179' title='bbox 321 1082 449 1124; x_wconf 88' lang='lat' dir='ltr'>etiam</span> <span class='ocrx_word' id='word_1_180' title='bbox 481 1082 713 1123; x_wconf 87' lang='lat' dir='ltr'>successiva</span> <span class='ocrx_word' id='word_1_181' title='bbox 732 1081 907 1122; x_wconf 86' lang='lat' dir='ltr'>variatio</span> <span class='ocrx_word' id='word_1_182' title='bbox 927 1080 954 1122; x_wconf 82' lang='grc'>81</span> <span class='ocrx_word' id='word_1_183' title='bbox 977 1081 1282 1121; x_wconf 88' lang='lat' dir='ltr'>incrementum</span> <span class='ocrx_word' id='word_1_184' title='bbox 1299 1077 1617 1119; x_wconf 78' lang='lat' dir='ltr'>observandum.</span> <span class='ocrx_word' id='word_1_185' title='bbox 1652 1074 1791 1129; x_wconf 84' lang='lat' dir='ltr'>Magis</span> <span class='ocrx_word' id='word_1_186' title='bbox 1817 1074 1927 1115; x_wconf 89' lang='lat' dir='ltr'>enim</span> <span class='ocrx_word' id='word_1_187' title='bbox 1944 1087 2062 1114; x_wconf 85' lang='lat' dir='ltr'>oeco-</span> 
     </span>
     <span class='ocr_line' id='line_1_18' title="bbox 126 1132 2065 1195; baseline -0.006 -12"><span class='ocrx_word' id='word_1_188' title='bbox 126 1142 291 1183; x_wconf 85' lang='lat' dir='ltr'>nomica</span> <span class='ocrx_word' id='word_1_189' title='bbox 307 1142 336 1183; x_wconf 98' lang='grc'>81</span> <span class='ocrx_word' id='word_1_190' title='bbox 354 1141 527 1195; x_wconf 89' lang='lat' dir='ltr'>antiqua</span> <span class='ocrx_word' id='word_1_191' title='bbox 545 1140 801 1195; x_wconf 89' lang='lat' dir='ltr'>dispensatio</span> <span class='ocrx_word' id='word_1_192' title='bbox 819 1140 862 1180; x_wconf 93' lang='grc'>111</span> <span class='ocrx_word' id='word_1_193' title='bbox 874 1139 1140 1180; x_wconf 87' lang='lat' dir='ltr'>inchoatione</span> <span class='ocrx_word' id='word_1_194' title='bbox 1153 1137 1377 1178; x_wconf 87' lang='lat' dir='ltr'>ministerii</span> <span class='ocrx_word' id='word_1_195' title='bbox 1393 1135 1419 1177; x_wconf 79' lang='lat' dir='ltr'>J</span> <span class='ocrx_word' id='word_1_196' title='bbox 1424 1134 1601 1177; x_wconf 86' lang='lat' dir='ltr'>ohannis</span> <span class='ocrx_word' id='word_1_197' title='bbox 1616 1135 1644 1176; x_wconf 83' lang='grc'>81</span> <span class='ocrx_word' id='word_1_198' title='bbox 1657 1133 1814 1175; x_wconf 87' lang='lat' dir='ltr'>Christi</span> <span class='ocrx_word' id='word_1_199' title='bbox 1831 1132 2065 1186; x_wconf 77' lang='lat' dir='ltr'>antiquata,</span> 
     </span>
     <span class='ocr_line' id='line_1_19' title="bbox 127 1192 2065 1254; baseline -0.006 -13"><span class='ocrx_word' id='word_1_200' title='bbox 127 1201 156 1243; x_wconf 87' lang='grc'>81</span> <span class='ocrx_word' id='word_1_201' title='bbox 186 1215 303 1241; x_wconf 87' lang='lat' dir='ltr'>nova·</span> <span class='ocrx_word' id='word_1_202' title='bbox 326 1199 581 1254; x_wconf 85' lang='lat' dir='ltr'>dispensatio</span> <span class='ocrx_word' id='word_1_203' title='bbox 614 1199 750 1253; x_wconf 83' lang='lat' dir='ltr'>magis</span> <span class='ocrx_word' id='word_1_204' title='bbox 778 1201 982 1253; x_wconf 72' lang='lat' dir='ltr'>promota,</span> <span class='ocrx_word' id='word_1_205' title='bbox 1001 1200 1075 1238; x_wconf 90' lang='lat' dir='ltr'>aut</span> <span class='ocrx_word' id='word_1_206' title='bbox 1092 1197 1243 1238; x_wconf 89' lang='lat' dir='ltr'>saltem</span> <span class='ocrx_word' id='word_1_207' title='bbox 1260 1195 1400 1237; x_wconf 83' lang='lat' dir='ltr'>onmia</span> <span class='ocrx_word' id='word_1_208' title='bbox 1420 1194 1471 1234; x_wconf 90' lang='lat' dir='ltr'>ad</span> <span class='ocrx_word' id='word_1_209' title='bbox 1489 1208 1580 1234; x_wconf 83' lang='lat' dir='ltr'>eam</span> <span class='ocrx_word' id='word_1_210' title='bbox 1600 1192 1734 1247; x_wconf 86' lang='lat' dir='ltr'>magis</span> <span class='ocrx_word' id='word_1_211' title='bbox 1751 1193 2002 1246; x_wconf 83' lang='lat' dir='ltr'>praeparata</span> <span class='ocrx_word' id='word_1_212' title='bbox 2019 1203 2065 1231; x_wconf 87' lang='lat' dir='ltr'>ac</span> 
     </span>
     <span class='ocr_line' id='line_1_20' title="bbox 126 1250 1841 1313; baseline -0.006 -13"><span class='ocrx_word' id='word_1_213' title='bbox 126 1259 328 1313; x_wconf 87' lang='lat' dir='ltr'>disposita</span> <span class='ocrx_word' id='word_1_214' title='bbox 344 1258 528 1307; x_wconf 79' lang='lat' dir='ltr'>fuerunt,</span> <span class='ocrx_word' id='word_1_215' title='bbox 547 1272 672 1312; x_wconf 89' lang='lat' dir='ltr'>quam</span> <span class='ocrx_word' id='word_1_216' title='bbox 689 1258 731 1298; x_wconf 90' lang='lat' dir='ltr'>in</span> <span class='ocrx_word' id='word_1_217' title='bbox 749 1257 970 1298; x_wconf 85' lang='lat' dir='ltr'>nativitate</span> <span class='ocrx_word' id='word_1_218' title='bbox 989 1258 1061 1297; x_wconf 88' lang='lat' dir='ltr'>aut</span> <span class='ocrx_word' id='word_1_219' title='bbox 1076 1256 1120 1296; x_wconf 90' lang='lat' dir='ltr'>in</span> <span class='ocrx_word' id='word_1_220' title='bbox 1138 1254 1417 1296; x_wconf 86' lang='lat' dir='ltr'>adolescentia</span> <span class='ocrx_word' id='word_1_221' title='bbox 1435 1251 1604 1293; x_wconf 83' lang='lat' dir='ltr'>Christi.</span> <span class='ocrx_word' id='word_1_222' title='bbox 1626 1251 1745 1306; x_wconf 82' lang='lat' dir='ltr'>[pag.</span> <span class='ocrx_word' id='word_1_223' title='bbox 1764 1250 1841 1305; x_wconf 80' lang='lat'>20]</span> 
     </span>
    </p>

    <p class='ocr_par' dir='ltr' id='par_1_5' title="bbox 126 1306 2064 1476">
     <span class='ocr_line' id='line_1_21' title="bbox 191 1306 2063 1370; baseline -0.007 -11"><span class='ocrx_word' id='word_1_224' title='bbox 191 1317 418 1361; x_wconf 76' lang='lat' dir='ltr'>Consectar.</span> <span class='ocrx_word' id='word_1_225' title='bbox 439 1318 475 1358; x_wconf 98' lang='grc'>1.</span> <span class='ocrx_word' id='word_1_226' title='bbox 511 1316 618 1357; x_wconf 84' lang='lat' dir='ltr'>Hine</span> <span class='ocrx_word' id='word_1_227' title='bbox 637 1318 799 1357; x_wconf 85' lang='lat' dir='ltr'>constat</span> <span class='ocrx_word' id='word_1_228' title='bbox 816 1319 898 1370; x_wconf 75' lang='lat' dir='ltr'>qua</span> <span class='ocrx_word' id='word_1_229' title='bbox 917 1330 1011 1356; x_wconf 85' lang='lat' dir='ltr'>cum</span> <span class='ocrx_word' id='word_1_230' title='bbox 1027 1313 1280 1355; x_wconf 87' lang='lat' dir='ltr'>limitatione</span> <span class='ocrx_word' id='word_1_231' title='bbox 1299 1311 1585 1366; x_wconf 79' lang='lat' dir='ltr'>accipiendum</span> <span class='ocrx_word' id='word_1_232' title='bbox 1604 1310 1672 1360; x_wconf 81' lang='lat' dir='ltr'>sit,</span> <span class='ocrx_word' id='word_1_233' title='bbox 1690 1309 1800 1363; x_wconf 84' lang='lat' dir='ltr'>quod</span> <span class='ocrx_word' id='word_1_234' title='bbox 1818 1310 1944 1364; x_wconf 81' lang='lat' dir='ltr'>vulgo</span> <span class='ocrx_word' id='word_1_235' title='bbox 1963 1306 2063 1348; x_wconf 86' lang='lat' dir='ltr'>dici-</span> 
     </span>
     <span class='ocr_line' id='line_1_22' title="bbox 126 1365 2064 1431; baseline -0.006 -14"><span class='ocrx_word' id='word_1_236' title='bbox 126 1379 208 1428; x_wconf 90' lang='lat' dir='ltr'>tur,</span> <span class='ocrx_word' id='word_1_237' title='bbox 243 1376 291 1417; x_wconf 89' lang='lat' dir='ltr'>de</span> <span class='ocrx_word' id='word_1_238' title='bbox 325 1376 529 1431; x_wconf 72' lang='lat' dir='ltr'>abrogata</span> <span class='ocrx_word' id='word_1_239' title='bbox 544 1375 655 1430; x_wconf 87' lang='lat' dir='ltr'>Lege</span> <span class='ocrx_word' id='word_1_240' title='bbox 672 1374 950 1416; x_wconf 88' lang='lat' dir='ltr'>Ceremoniali</span> <span class='ocrx_word' id='word_1_241' title='bbox 968 1388 1014 1414; x_wconf 90' lang='lat' dir='ltr'>ac</span> <span class='ocrx_word' id='word_1_242' title='bbox 1033 1371 1340 1427; x_wconf 85' lang='lat' dir='ltr'>dispensatione</span> <span class='ocrx_word' id='word_1_243' title='bbox 1363 1369 1508 1419; x_wconf 78' lang='lat' dir='ltr'>veteri,</span> <span class='ocrx_word' id='word_1_244' title='bbox 1524 1370 1553 1411; x_wconf 88' lang='grc'>81</span> <span class='ocrx_word' id='word_1_245' title='bbox 1571 1369 1618 1409; x_wconf 82' lang='grc'>(16</span> <span class='ocrx_word' id='word_1_246' title='bbox 1642 1368 1837 1409; x_wconf 89' lang='lat' dir='ltr'>inchoata</span> <span class='ocrx_word' id='word_1_247' title='bbox 1854 1380 1960 1408; x_wconf 84' lang='lat' dir='ltr'>novo</span> <span class='ocrx_word' id='word_1_248' title='bbox 1983 1365 2064 1406; x_wconf 90' lang='lat' dir='ltr'>Te-</span> 
     </span>
     <span class='ocr_line' id='line_1_23' title="bbox 128 1433 791 1476; baseline -0.005 0"><span class='ocrx_word' id='word_1_249' title='bbox 128 1437 338 1476; x_wconf 84' lang='lat' dir='ltr'>stamento</span> <span class='ocrx_word' id='word_1_250' title='bbox 355 1434 399 1475; x_wconf 90' lang='lat' dir='ltr'>in</span> <span class='ocrx_word' id='word_1_251' title='bbox 422 1435 601 1475; x_wconf 89' lang='lat' dir='ltr'>adventu</span> <span class='ocrx_word' id='word_1_252' title='bbox 621 1433 791 1474; x_wconf 89' lang='lat' dir='ltr'>Christi.</span> 
     </span>
    </p>

    <p class='ocr_par' dir='ltr' id='par_1_6' title="bbox 127 1482 2065 1723">
     <span class='ocr_line' id='line_1_24' title="bbox 187 1482 2064 1546; baseline -0.007 -10"><span class='ocrx_word' id='word_1_253' title='bbox 187 1494 414 1536; x_wconf 72' lang='lat' dir='ltr'>Consectar.</span> <span class='ocrx_word' id='word_1_254' title='bbox 434 1494 473 1534; x_wconf 86' lang='lat'>2.</span> <span class='ocrx_word' id='word_1_255' title='bbox 492 1491 602 1533; x_wconf 90' lang='lat' dir='ltr'>Hinc</span> <span class='ocrx_word' id='word_1_256' title='bbox 616 1492 740 1533; x_wconf 84' lang='lat' dir='ltr'>facile</span> <span class='ocrx_word' id='word_1_257' title='bbox 757 1491 999 1546; x_wconf 85' lang='lat' dir='ltr'>responderi</span> <span class='ocrx_word' id='word_1_258' title='bbox 1016 1492 1155 1544; x_wconf 85' lang='lat' dir='ltr'>potest</span> <span class='ocrx_word' id='word_1_259' title='bbox 1173 1490 1224 1531; x_wconf 83' lang='lat' dir='ltr'>ad</span> <span class='ocrx_word' id='word_1_260' title='bbox 1241 1487 1539 1542; x_wconf 82' lang='lat' dir='ltr'>quaestionem.</span> <span class='ocrx_word' id='word_1_261' title='bbox 1562 1485 1630 1526; x_wconf 83' lang='lat' dir='ltr'>An</span> <span class='ocrx_word' id='word_1_262' title='bbox 1642 1485 1825 1527; x_wconf 78' lang='lat' dir='ltr'>Johann.</span> <span class='ocrx_word' id='word_1_263' title='bbox 1846 1482 2064 1536; x_wconf 78' lang='lat' dir='ltr'>Baptistae</span> 
     </span>
     <span class='ocr_line' id='line_1_25' title="bbox 127 1541 2065 1605; baseline -0.008 -9"><span class='ocrx_word' id='word_1_264' title='bbox 127 1553 409 1596; x_wconf 88' lang='lat' dir='ltr'>ministerium</span> <span class='ocrx_word' id='word_1_265' title='bbox 435 1551 564 1593; x_wconf 84' lang='lat' dir='ltr'>fuerit</span> <span class='ocrx_word' id='word_1_266' title='bbox 582 1551 883 1605; x_wconf 87' lang='lat' dir='ltr'>Propheticum</span> <span class='ocrx_word' id='word_1_267' title='bbox 901 1565 953 1591; x_wconf 88' lang='lat' dir='ltr'>an</span> <span class='ocrx_word' id='word_1_268' title='bbox 972 1552 1068 1590; x_wconf 77' lang='lat' dir='ltr'>vero</span> <span class='ocrx_word' id='word_1_269' title='bbox 1087 1548 1377 1603; x_wconf 80' lang='lat' dir='ltr'>Apostolicum</span> <span class='ocrx_word' id='word_1_270' title='bbox 1395 1561 1464 1587; x_wconf 83' lang='lat' dir='ltr'>seu</span> <span class='ocrx_word' id='word_1_271' title='bbox 1490 1544 1812 1598; x_wconf 77' lang='lat' dir='ltr'>Euangelioum,</span> <span class='ocrx_word' id='word_1_272' title='bbox 1833 1544 1862 1585; x_wconf 85' lang='grc'>81</span> <span class='ocrx_word' id='word_1_273' title='bbox 1879 1541 2065 1582; x_wconf 87' lang='lat' dir='ltr'>referen-</span> 
     </span>
     <span class='ocr_line' id='line_1_26' title="bbox 128 1599 2062 1661; baseline -0.007 -7"><span class='ocrx_word' id='word_1_274' title='bbox 128 1614 227 1655; x_wconf 88' lang='lat' dir='ltr'>dum</span> <span class='ocrx_word' id='word_1_275' title='bbox 259 1612 314 1653; x_wconf 88' lang='lat' dir='ltr'>sit</span> <span class='ocrx_word' id='word_1_276' title='bbox 332 1611 384 1652; x_wconf 85' lang='lat' dir='ltr'>ad</span> <span class='ocrx_word' id='word_1_277' title='bbox 405 1613 538 1661; x_wconf 87' lang='lat' dir='ltr'>vetus,</span> <span class='ocrx_word' id='word_1_278' title='bbox 557 1625 609 1651; x_wconf 89' lang='lat' dir='ltr'>an</span> <span class='ocrx_word' id='word_1_279' title='bbox 628 1610 678 1650; x_wconf 86' lang='lat' dir='ltr'>ad</span> <span class='ocrx_word' id='word_1_280' title='bbox 693 1623 849 1650; x_wconf 87' lang='lat' dir='ltr'>novum</span> <span class='ocrx_word' id='word_1_281' title='bbox 866 1609 1205 1655; x_wconf 83' lang='lat' dir='ltr'>Testamentum;</span> <span class='ocrx_word' id='word_1_282' title='bbox 1226 1621 1277 1646; x_wconf 89' lang='lat' dir='ltr'>an</span> <span class='ocrx_word' id='word_1_283' title='bbox 1300 1605 1456 1659; x_wconf 88' lang='lat' dir='ltr'>partim</span> <span class='ocrx_word' id='word_1_284' title='bbox 1474 1604 1525 1644; x_wconf 87' lang='lat' dir='ltr'>ad</span> <span class='ocrx_word' id='word_1_285' title='bbox 1547 1603 1664 1652; x_wconf 83' lang='lat' dir='ltr'>illud,</span> <span class='ocrx_word' id='word_1_286' title='bbox 1684 1602 1838 1656; x_wconf 87' lang='lat' dir='ltr'>partim</span> <span class='ocrx_word' id='word_1_287' title='bbox 1862 1602 1914 1642; x_wconf 87' lang='lat' dir='ltr'>ad</span> <span class='ocrx_word' id='word_1_288' title='bbox 1935 1599 2062 1641; x_wconf 84' lang='lat' dir='ltr'>istud.</span> 
     </span>
     <span class='ocr_line' id='line_1_27' title="bbox 127 1664 1495 1723; baseline -0.008 -10"><span class='ocrx_word' id='word_1_289' title='bbox 127 1671 236 1713; x_wconf 89' lang='lat' dir='ltr'>Vide</span> <span class='ocrx_word' id='word_1_290' title='bbox 257 1670 400 1713; x_wconf 78' lang='lat' dir='ltr'>Malth.</span> <span class='ocrx_word' id='word_1_291' title='bbox 421 1670 488 1710; x_wconf 87' lang='grc'>11.</span> <span class='ocrx_word' id='word_1_292' title='bbox 506 1683 542 1710; x_wconf 88' lang='grc' dir='ltr'>υ.</span> <span class='ocrx_word' id='word_1_293' title='bbox 564 1669 630 1710; x_wconf 87' lang='grc'>11.</span> <span class='ocrx_word' id='word_1_294' title='bbox 650 1668 803 1716; x_wconf 78' lang='lat' dir='ltr'>Confer</span> <span class='ocrx_word' id='word_1_295' title='bbox 816 1675 925 1723; x_wconf 74' lang='lat' dir='ltr'>part.</span> <span class='ocrx_word' id='word_1_296' title='bbox 951 1669 989 1708; x_wconf 85' lang='grc'>2.</span> <span class='ocrx_word' id='word_1_297' title='bbox 1006 1667 1121 1722; x_wconf 72' lang='lat' dir='ltr'>polit.</span> <span class='ocrx_word' id='word_1_298' title='bbox 1141 1665 1347 1707; x_wconf 71' lang='lat' dir='ltr'>ecclesiast.</span> <span class='ocrx_word' id='word_1_299' title='bbox 1369 1664 1435 1706; x_wconf 71' lang='lat' dir='ltr'>lib.</span> <span class='ocrx_word' id='word_1_300' title='bbox 1456 1665 1495 1703; x_wconf 85' lang='grc'>2.</span> 
     </span>
    </p>

    <p class='ocr_par' dir='ltr' id='par_1_7' title="bbox 129 1718 2066 1843">
     <span class='ocr_line' id='line_1_28' title="bbox 188 1718 2066 1785; baseline -0.009 -11"><span class='ocrx_word' id='word_1_301' title='bbox 188 1731 223 1785; x_wconf 68' lang='grc' dir='ltr'>ἓ.</span> <span class='ocrx_word' id='word_1_302' title='bbox 259 1728 303 1773; x_wconf 84' lang='grc'>2.</span> <span class='ocrx_word' id='word_1_303' title='bbox 338 1727 664 1770; x_wconf 85' lang='lat' dir='ltr'>Praemittemus</span> <span class='ocrx_word' id='word_1_304' title='bbox 682 1727 948 1780; x_wconf 83' lang='lat' dir='ltr'>quaestiones</span> <span class='ocrx_word' id='word_1_305' title='bbox 970 1726 1132 1780; x_wconf 89' lang='lat' dir='ltr'>aliquot</span> <span class='ocrx_word' id='word_1_306' title='bbox 1154 1723 1419 1778; x_wconf 75' lang='lat' dir='ltr'>principaleS,</span> <span class='ocrx_word' id='word_1_307' title='bbox 1440 1737 1488 1763; x_wconf 81' lang='lat' dir='ltr'>ex</span> <span class='ocrx_word' id='word_1_308' title='bbox 1507 1720 1658 1774; x_wconf 84' lang='lat' dir='ltr'>quibus</span> <span class='ocrx_word' id='word_1_309' title='bbox 1681 1718 1975 1760; x_wconf 76' lang='lat' dir='ltr'>determinatio</span> <span class='ocrx_word' id='word_1_310' title='bbox 2000 1732 2066 1758; x_wconf 90' lang='lat' dir='ltr'>re-</span> 
     </span>
     <span class='ocr_line' id='line_1_29' title="bbox 129 1785 815 1843; baseline -0.007 -13"><span class='ocrx_word' id='word_1_311' title='bbox 129 1789 341 1843; x_wconf 87' lang='lat' dir='ltr'>liquarum</span> <span class='ocrx_word' id='word_1_312' title='bbox 361 1786 578 1841; x_wconf 89' lang='lat' dir='ltr'>dependet.</span> <span class='ocrx_word' id='word_1_313' title='bbox 611 1785 676 1826; x_wconf 83' lang='lat' dir='ltr'>Sit</span> <span class='ocrx_word' id='word_1_314' title='bbox 694 1800 815 1840; x_wconf 87' lang='lat' dir='ltr'>ergo:</span> 
     </span>
    </p>

    <p class='ocr_par' dir='ltr' id='par_1_8' title="bbox 130 1834 2070 2603">
     <span class='ocr_line' id='line_1_30' title="bbox 188 1834 2068 1900; baseline -0.006 -12"><span class='ocrx_word' id='word_1_315' title='bbox 188 1846 221 1888; x_wconf 93' lang='lat' dir='ltr'>I.</span> <span class='ocrx_word' id='word_1_316' title='bbox 242 1848 408 1900; x_wconf 77' lang='lat' dir='ltr'>Quaest.</span> <span class='ocrx_word' id='word_1_317' title='bbox 441 1845 506 1887; x_wconf 79' lang='lat' dir='ltr'>An</span> <span class='ocrx_word' id='word_1_318' title='bbox 544 1845 816 1899; x_wconf 69' lang='lat' dir='ltr'>Eaanyelinm</span> <span class='ocrx_word' id='word_1_319' title='bbox 838 1852 1015 1898; x_wconf 73' lang='lat' dir='ltr'>(empore</span> <span class='ocrx_word' id='word_1_320' title='bbox 1047 1844 1085 1884; x_wconf 78' lang='lat' dir='ltr'>V.</span> <span class='ocrx_word' id='word_1_321' title='bbox 1113 1843 1154 1884; x_wconf 83' lang='lat' dir='ltr'>T.</span> <span class='ocrx_word' id='word_1_322' title='bbox 1180 1843 1399 1882; x_wconf 65' lang='grc' dir='ltr'>νουρΙῑιτιιηι</span> <span class='ocrx_word' id='word_1_323' title='bbox 1426 1838 1466 1881; x_wconf 72' lang='lat' dir='ltr'>ec</span> <span class='ocrx_word' id='word_1_324' title='bbox 1482 1838 1686 1890; x_wconf 70' lang='lat' dir='ltr'>coqnz&#39;tmn</span> <span class='ocrx_word' id='word_1_325' title='bbox 1707 1837 1834 1890; x_wconf 69' lang='lat' dir='ltr'>fuerit</span> <span class='ocrx_word' id='word_1_326' title='bbox 1850 1834 2068 1892; x_wconf 76' lang='lat' dir='ltr'>fidelibus?</span> 
     </span>
     <span class='ocr_line' id='line_1_31' title="bbox 135 1895 2066 1961; baseline -0.008 -12"><span class='ocrx_word' id='word_1_327' title='bbox 135 1907 253 1961; x_wconf 76' lang='lat' dir='ltr'>Hesp.</span> <span class='ocrx_word' id='word_1_328' title='bbox 287 1904 376 1946; x_wconf 90' lang='lat' dir='ltr'>Nos</span> <span class='ocrx_word' id='word_1_329' title='bbox 409 1904 494 1961; x_wconf 81' lang='lat' dir='ltr'>Aff.</span> <span class='ocrx_word' id='word_1_330' title='bbox 529 1903 641 1944; x_wconf 86' lang='lat' dir='ltr'>ducti</span> <span class='ocrx_word' id='word_1_331' title='bbox 658 1903 724 1943; x_wconf 90' lang='lat' dir='ltr'>his</span> <span class='ocrx_word' id='word_1_332' title='bbox 748 1902 1008 1958; x_wconf 80' lang='lat' dir='ltr'>argumentis</span> <span class='ocrx_word' id='word_1_333' title='bbox 1025 1901 1058 1942; x_wconf 84' lang='lat' dir='ltr'>I.</span> <span class='ocrx_word' id='word_1_334' title='bbox 1082 1901 1259 1954; x_wconf 62' lang='lat' dir='ltr'>Arqmn.</span> <span class='ocrx_word' id='word_1_335' title='bbox 1282 1898 1389 1947; x_wconf 71' lang='lat' dir='ltr'>Quia</span> <span class='ocrx_word' id='word_1_336' title='bbox 1407 1899 1501 1939; x_wconf 80' lang='lat' dir='ltr'>Luc.</span> <span class='ocrx_word' id='word_1_337' title='bbox 1522 1898 1588 1937; x_wconf 51' lang='lat'>21⁴.</span> <span class='ocrx_word' id='word_1_338' title='bbox 1608 1909 1643 1936; x_wconf 71' lang='grc' dir='ltr'>υ.</span> <span class='ocrx_word' id='word_1_339' title='bbox 1665 1895 1825 1935; x_wconf 84' lang='grc'>2527.</span> <span class='ocrx_word' id='word_1_340' title='bbox 1845 1895 1913 1934; x_wconf 78' lang='lat'>44.</span> <span class='ocrx_word' id='word_1_341' title='bbox 1932 1895 2066 1935; x_wconf 73' lang='lat' dir='ltr'>Actor.</span> 
     </span>
     <span class='ocr_line' id='line_1_32' title="bbox 133 1953 2065 2011; baseline -0.008 -5"><span class='ocrx_word' id='word_1_342' title='bbox 133 1965 200 2006; x_wconf 90' lang='lat'>10.</span> <span class='ocrx_word' id='word_1_343' title='bbox 227 1978 264 2006; x_wconf 84' lang='lat' dir='ltr'>v.</span> <span class='ocrx_word' id='word_1_344' title='bbox 282 1963 351 2004; x_wconf 87' lang='grc'>43.</span> <span class='ocrx_word' id='word_1_345' title='bbox 370 1963 400 2004; x_wconf 85' lang='grc'>81</span> <span class='ocrx_word' id='word_1_346' title='bbox 420 1964 486 2003; x_wconf 74' lang='lat'>13.</span> <span class='ocrx_word' id='word_1_347' title='bbox 504 1976 540 2003; x_wconf 84' lang='lat' dir='ltr'>v.</span> <span class='ocrx_word' id='word_1_348' title='bbox 562 1962 629 2002; x_wconf 89' lang='grc'>27.</span> <span class='ocrx_word' id='word_1_349' title='bbox 650 1962 718 2002; x_wconf 71' lang='lat'>29.</span> <span class='ocrx_word' id='word_1_350' title='bbox 739 1962 806 2002; x_wconf 77' lang='lat'>32.</span> <span class='ocrx_word' id='word_1_351' title='bbox 828 1961 946 2004; x_wconf 81' lang='lat' dir='ltr'>Rom.</span> <span class='ocrx_word' id='word_1_352' title='bbox 968 1961 1004 2000; x_wconf 83' lang='lat'>1.</span> <span class='ocrx_word' id='word_1_353' title='bbox 1023 1974 1058 2001; x_wconf 75' lang='lat' dir='ltr'>v.</span> <span class='ocrx_word' id='word_1_354' title='bbox 1082 1961 1117 2000; x_wconf 85' lang='lat'>1.</span> <span class='ocrx_word' id='word_1_355' title='bbox 1142 1958 1294 2000; x_wconf 85' lang='lat' dir='ltr'>dicitur</span> <span class='ocrx_word' id='word_1_356' title='bbox 1310 1955 1592 2011; x_wconf 72' lang='lat' dir='ltr'>Euangelium</span> <span class='ocrx_word' id='word_1_357' title='bbox 1610 1954 1659 1994; x_wconf 74' lang='lat' dir='ltr'>cle</span> <span class='ocrx_word' id='word_1_358' title='bbox 1677 1953 1842 1994; x_wconf 86' lang='lat' dir='ltr'>Christo</span> <span class='ocrx_word' id='word_1_359' title='bbox 1864 1953 2065 1993; x_wconf 86' lang='lat' dir='ltr'>traditum</span> 
     </span>
     <span class='ocr_line' id='line_1_33' title="bbox 131 2010 2066 2077; baseline -0.008 -13"><span class='ocrx_word' id='word_1_360' title='bbox 131 2023 333 2077; x_wconf 86' lang='lat' dir='ltr'>scriptum</span> <span class='ocrx_word' id='word_1_361' title='bbox 364 2022 394 2063; x_wconf 87' lang='grc'>81</span> <span class='ocrx_word' id='word_1_362' title='bbox 416 2021 632 2076; x_wconf 87' lang='lat' dir='ltr'>cognitum</span> <span class='ocrx_word' id='word_1_363' title='bbox 668 2020 797 2061; x_wconf 80' lang='lat' dir='ltr'>fuisse</span> <span class='ocrx_word' id='word_1_364' title='bbox 830 2019 1054 2073; x_wconf 82' lang='lat' dir='ltr'>Prophetis</span> <span class='ocrx_word' id='word_1_365' title='bbox 1086 2018 1138 2059; x_wconf 93' lang='lat' dir='ltr'>V.</span> <span class='ocrx_word' id='word_1_366' title='bbox 1173 2016 1220 2057; x_wconf 89' lang='lat' dir='ltr'>T.</span> <span class='ocrx_word' id='word_1_367' title='bbox 1259 2017 1287 2057; x_wconf 58' lang='grc' dir='ltr'>ἃ</span> <span class='ocrx_word' id='word_1_368' title='bbox 1321 2015 1477 2056; x_wconf 82' lang='lat' dir='ltr'>Paulus</span> <span class='ocrx_word' id='word_1_369' title='bbox 1512 2014 1642 2055; x_wconf 74' lang='lat' dir='ltr'>Actor.</span> <span class='ocrx_word' id='word_1_370' title='bbox 1679 2012 1746 2052; x_wconf 77' lang='lat'>26.</span> <span class='ocrx_word' id='word_1_371' title='bbox 1780 2025 1816 2052; x_wconf 73' lang='lat' dir='ltr'>v.</span> <span class='ocrx_word' id='word_1_372' title='bbox 1853 2011 1921 2050; x_wconf 85' lang='grc'>22,</span> <span class='ocrx_word' id='word_1_373' title='bbox 1947 2010 2007 2051; x_wconf 88' lang='lat' dir='ltr'>ait</span> <span class='ocrx_word' id='word_1_374' title='bbox 2024 2025 2066 2051; x_wconf 87' lang='lat' dir='ltr'>se</span> 
     </span>
     <span class='ocr_line' id='line_1_34' title="bbox 131 2068 2067 2136; baseline -0.007 -13"><span class='ocrx_word' id='word_1_375' title='bbox 131 2081 419 2136; x_wconf 86' lang='lat' dir='ltr'>Euangelium</span> <span class='ocrx_word' id='word_1_376' title='bbox 451 2079 741 2134; x_wconf 79' lang='lat' dir='ltr'>praedicando,</span> <span class='ocrx_word' id='word_1_377' title='bbox 782 2078 891 2119; x_wconf 87' lang='lat' dir='ltr'>nihil</span> <span class='ocrx_word' id='word_1_378' title='bbox 924 2078 1183 2132; x_wconf 74' lang='lat' dir='ltr'>praedicasse</span> <span class='ocrx_word' id='word_1_379' title='bbox 1233 2077 1350 2116; x_wconf 86' lang='lat' dir='ltr'>extra</span> <span class='ocrx_word' id='word_1_380' title='bbox 1381 2073 1524 2114; x_wconf 85' lang='lat' dir='ltr'>Mosen</span> <span class='ocrx_word' id='word_1_381' title='bbox 1561 2074 1587 2114; x_wconf 67' lang='grc' dir='ltr'>ἃ</span> <span class='ocrx_word' id='word_1_382' title='bbox 1625 2070 1869 2124; x_wconf 81' lang='lat' dir='ltr'>Prophetas.</span> <span class='ocrx_word' id='word_1_383' title='bbox 1903 2068 1956 2110; x_wconf 91' lang='grc' dir='ltr'>Π.</span> <span class='ocrx_word' id='word_1_384' title='bbox 1989 2069 2067 2110; x_wconf 75' lang='lat' dir='ltr'>Ar-</span> 
     </span>
     <span class='ocr_line' id='line_1_35' title="bbox 130 2127 2066 2196; baseline -0.008 -14"><span class='ocrx_word' id='word_1_385' title='bbox 130 2155 244 2196; x_wconf 71' lang='lat' dir='ltr'>qum.</span> <span class='ocrx_word' id='word_1_386' title='bbox 288 2138 396 2188; x_wconf 85' lang='lat' dir='ltr'>Quia</span> <span class='ocrx_word' id='word_1_387' title='bbox 427 2138 656 2192; x_wconf 84' lang='lat' dir='ltr'>Euangelii</span> <span class='ocrx_word' id='word_1_388' title='bbox 689 2138 875 2178; x_wconf 89' lang='lat' dir='ltr'>doctrina</span> <span class='ocrx_word' id='word_1_389' title='bbox 907 2151 981 2190; x_wconf 89' lang='lat' dir='ltr'>per</span> <span class='ocrx_word' id='word_1_390' title='bbox 1012 2150 1153 2177; x_wconf 88' lang='lat' dir='ltr'>omnes</span> <span class='ocrx_word' id='word_1_391' title='bbox 1191 2136 1330 2188; x_wconf 84' lang='lat' dir='ltr'>partes</span> <span class='ocrx_word' id='word_1_392' title='bbox 1373 2132 1528 2185; x_wconf 86' lang='lat' dir='ltr'>passim</span> <span class='ocrx_word' id='word_1_393' title='bbox 1561 2131 1602 2170; x_wconf 90' lang='lat' dir='ltr'>in</span> <span class='ocrx_word' id='word_1_394' title='bbox 1640 2129 1756 2170; x_wconf 82' lang='lat' dir='ltr'>libris</span> <span class='ocrx_word' id='word_1_395' title='bbox 1789 2127 1842 2169; x_wconf 88' lang='lat' dir='ltr'>N.</span> <span class='ocrx_word' id='word_1_396' title='bbox 1883 2127 1930 2167; x_wconf 92' lang='lat' dir='ltr'>T.</span> <span class='ocrx_word' id='word_1_397' title='bbox 1964 2141 2066 2181; x_wconf 89' lang='lat' dir='ltr'>pro-</span> 
     </span>
     <span class='ocr_line' id='line_1_36' title="bbox 130 2186 2068 2251; baseline -0.008 -11"><span class='ocrx_word' id='word_1_398' title='bbox 130 2200 257 2240; x_wconf 86' lang='lat' dir='ltr'>batur</span> <span class='ocrx_word' id='word_1_399' title='bbox 290 2212 340 2238; x_wconf 86' lang='lat' dir='ltr'>ex</span> <span class='ocrx_word' id='word_1_400' title='bbox 372 2197 537 2251; x_wconf 87' lang='lat' dir='ltr'>scriptis</span> <span class='ocrx_word' id='word_1_401' title='bbox 572 2196 623 2237; x_wconf 90' lang='lat' dir='ltr'>V.</span> <span class='ocrx_word' id='word_1_402' title='bbox 643 2195 691 2236; x_wconf 89' lang='lat' dir='ltr'>T.</span> <span class='ocrx_word' id='word_1_403' title='bbox 711 2195 760 2237; x_wconf 91' lang='lat' dir='ltr'>In</span> <span class='ocrx_word' id='word_1_404' title='bbox 777 2210 859 2236; x_wconf 88' lang='lat' dir='ltr'>uno</span> <span class='ocrx_word' id='word_1_405' title='bbox 880 2195 1019 2249; x_wconf 75' lang='lat' dir='ltr'>Malllz.</span> <span class='ocrx_word' id='word_1_406' title='bbox 1041 2195 1107 2235; x_wconf 88' lang='grc'>28,</span> <span class='ocrx_word' id='word_1_407' title='bbox 1127 2194 1217 2234; x_wconf 88' lang='lat' dir='ltr'>loca</span> <span class='ocrx_word' id='word_1_408' title='bbox 1235 2192 1295 2246; x_wconf 88' lang='lat' dir='ltr'>(ni</span> <span class='ocrx_word' id='word_1_409' title='bbox 1309 2191 1451 2243; x_wconf 81' lang='lat' dir='ltr'>fallor)</span> <span class='ocrx_word' id='word_1_410' title='bbox 1470 2190 1722 2243; x_wconf 77' lang='lat' dir='ltr'>allegantur.</span> <span class='ocrx_word' id='word_1_411' title='bbox 1755 2186 1803 2227; x_wconf 83' lang='lat' dir='ltr'>Ir.</span> <span class='ocrx_word' id='word_1_412' title='bbox 1822 2186 1999 2240; x_wconf 76' lang='lat' dir='ltr'>epistola</span> <span class='ocrx_word' id='word_1_413' title='bbox 2017 2186 2068 2226; x_wconf 88' lang='lat' dir='ltr'>ad</span> 
     </span>
     <span class='ocr_line' id='line_1_37' title="bbox 132 2244 2069 2309; baseline -0.008 -11"><span class='ocrx_word' id='word_1_414' title='bbox 132 2257 350 2299; x_wconf 85' lang='lat' dir='ltr'>Hebraeos</span> <span class='ocrx_word' id='word_1_415' title='bbox 383 2270 433 2297; x_wconf 84' lang='lat' dir='ltr'>ex</span> <span class='ocrx_word' id='word_1_416' title='bbox 470 2254 657 2309; x_wconf 89' lang='lat' dir='ltr'>professo</span> <span class='ocrx_word' id='word_1_417' title='bbox 690 2255 864 2295; x_wconf 85' lang='lat' dir='ltr'>umbrae</span> <span class='ocrx_word' id='word_1_418' title='bbox 892 2254 1225 2308; x_wconf 82' lang='lat' dir='ltr'>praefigurantes</span> <span class='ocrx_word' id='word_1_419' title='bbox 1243 2250 1297 2291; x_wconf 95' lang='lat' dir='ltr'>V.</span> <span class='ocrx_word' id='word_1_420' title='bbox 1315 2249 1363 2290; x_wconf 88' lang='lat' dir='ltr'>T.</span> <span class='ocrx_word' id='word_1_421' title='bbox 1383 2251 1407 2289; x_wconf 74' lang='lat' dir='ltr'>a</span> <span class='ocrx_word' id='word_1_422' title='bbox 1427 2248 1539 2289; x_wconf 89' lang='lat' dir='ltr'>Mose.</span> <span class='ocrx_word' id='word_1_423' title='bbox 1559 2246 1788 2299; x_wconf 83' lang='lat' dir='ltr'>descriptae</span> <span class='ocrx_word' id='word_1_424' title='bbox 1802 2244 2069 2298; x_wconf 87' lang='lat' dir='ltr'>applicantur</span> 
     </span>
     <span class='ocr_line' id='line_1_38' title="bbox 132 2303 2067 2369; baseline -0.008 -12"><span class='ocrx_word' id='word_1_425' title='bbox 132 2316 314 2369; x_wconf 77' lang='lat' dir='ltr'>Christo.</span> <span class='ocrx_word' id='word_1_426' title='bbox 346 2313 396 2355; x_wconf 92' lang='lat' dir='ltr'>In</span> <span class='ocrx_word' id='word_1_427' title='bbox 430 2314 524 2355; x_wconf 88' lang='lat' dir='ltr'>aliis</span> <span class='ocrx_word' id='word_1_428' title='bbox 556 2313 675 2353; x_wconf 88' lang='lat' dir='ltr'>libris</span> <span class='ocrx_word' id='word_1_429' title='bbox 709 2312 919 2354; x_wconf 86' lang='lat' dir='ltr'>historicis</span> <span class='ocrx_word' id='word_1_430' title='bbox 952 2314 981 2354; x_wconf 75' lang='lat'>&amp;</span> <span class='ocrx_word' id='word_1_431' title='bbox 1013 2310 1226 2352; x_wconf 85' lang='lat' dir='ltr'>didacticis</span> <span class='ocrx_word' id='word_1_432' title='bbox 1261 2308 1316 2350; x_wconf 89' lang='lat' dir='ltr'>N.</span> <span class='ocrx_word' id='word_1_433' title='bbox 1351 2307 1398 2348; x_wconf 91' lang='lat' dir='ltr'>T.</span> <span class='ocrx_word' id='word_1_434' title='bbox 1418 2321 1498 2348; x_wconf 88' lang='lat' dir='ltr'>non</span> <span class='ocrx_word' id='word_1_435' title='bbox 1521 2320 1653 2360; x_wconf 87' lang='lat' dir='ltr'>pauca</span> <span class='ocrx_word' id='word_1_436' title='bbox 1672 2305 1759 2345; x_wconf 77' lang='lat' dir='ltr'>loca</span> <span class='ocrx_word' id='word_1_437' title='bbox 1793 2303 2067 2344; x_wconf 86' lang='lat' dir='ltr'>adducuntur.</span> 
     </span>
     <span class='ocr_line' id='line_1_39' title="bbox 133 2361 2068 2426; baseline -0.008 -9"><span class='ocrx_word' id='word_1_438' title='bbox 133 2374 248 2424; x_wconf 82' lang='lat' dir='ltr'>Quae</span> <span class='ocrx_word' id='word_1_439' title='bbox 281 2374 316 2415; x_wconf 90' lang='lat' dir='ltr'>si</span> <span class='ocrx_word' id='word_1_440' title='bbox 348 2375 467 2414; x_wconf 86' lang='lat' dir='ltr'>extra</span> <span class='ocrx_word' id='word_1_441' title='bbox 489 2386 656 2426; x_wconf 86' lang='lat' dir='ltr'>scopum</span> <span class='ocrx_word' id='word_1_442' title='bbox 685 2373 714 2414; x_wconf 86' lang='grc'>81</span> <span class='ocrx_word' id='word_1_443' title='bbox 732 2386 899 2413; x_wconf 85' lang='lat' dir='ltr'>sensum</span> <span class='ocrx_word' id='word_1_444' title='bbox 917 2370 1098 2424; x_wconf 85' lang='lat' dir='ltr'>Spiritus</span> <span class='ocrx_word' id='word_1_445' title='bbox 1116 2368 1249 2410; x_wconf 83' lang='lat' dir='ltr'>sancti</span> <span class='ocrx_word' id='word_1_446' title='bbox 1270 2365 1506 2419; x_wconf 83' lang='lat' dir='ltr'>detorqueri</span> <span class='ocrx_word' id='word_1_447' title='bbox 1525 2366 1553 2406; x_wconf 81' lang='grc'>81</span> <span class='ocrx_word' id='word_1_448' title='bbox 1571 2363 1737 2405; x_wconf 83' lang='lat' dir='ltr'>Christo</span> <span class='ocrx_word' id='word_1_449' title='bbox 1755 2361 1958 2415; x_wconf 86' lang='lat' dir='ltr'>applicari</span> <span class='ocrx_word' id='word_1_450' title='bbox 1976 2361 2068 2415; x_wconf 88' lang='lat' dir='ltr'>quis</span> 
     </span>
     <span class='ocr_line' id='line_1_40' title="bbox 133 2419 2068 2487; baseline -0.009 -12"><span class='ocrx_word' id='word_1_451' title='bbox 133 2434 244 2475; x_wconf 89' lang='lat' dir='ltr'>dicat</span> <span class='ocrx_word' id='word_1_452' title='bbox 258 2448 267 2482; x_wconf 86' lang='lat'><em>;</em></span> <span class='ocrx_word' id='word_1_453' title='bbox 281 2433 370 2487; x_wconf 86' lang='lat' dir='ltr'>jam</span> <span class='ocrx_word' id='word_1_454' title='bbox 388 2430 646 2485; x_wconf 86' lang='lat' dir='ltr'>blasphemis</span> <span class='ocrx_word' id='word_1_455' title='bbox 663 2429 690 2471; x_wconf 86' lang='lat' dir='ltr'><strong>J</strong></span> <span class='ocrx_word' id='word_1_456' title='bbox 694 2430 836 2470; x_wconf 84' lang='lat' dir='ltr'>udaeis</span> <span class='ocrx_word' id='word_1_457' title='bbox 853 2444 1020 2470; x_wconf 85' lang='lat' dir='ltr'>causam</span> <span class='ocrx_word' id='word_1_458' title='bbox 1041 2427 1171 2468; x_wconf 87' lang='lat' dir='ltr'>tradit</span> <span class='ocrx_word' id='word_1_459' title='bbox 1189 2427 1218 2469; x_wconf 87' lang='grc'>81</span> <span class='ocrx_word' id='word_1_460' title='bbox 1235 2426 1465 2479; x_wconf 64' lang='lat' dir='ltr'>scripturae</span> <span class='ocrx_word' id='word_1_461' title='bbox 1486 2422 1540 2463; x_wconf 90' lang='lat' dir='ltr'>N.</span> <span class='ocrx_word' id='word_1_462' title='bbox 1559 2422 1608 2463; x_wconf 88' lang='lat' dir='ltr'>T.</span> <span class='ocrx_word' id='word_1_463' title='bbox 1627 2421 1896 2462; x_wconf 84' lang='lat' dir='ltr'>autoritatem</span> <span class='ocrx_word' id='word_1_464' title='bbox 1914 2419 2068 2473; x_wconf 88' lang='lat' dir='ltr'>prosti-</span> 
     </span>
     <span class='ocr_line' id='line_1_41' title="bbox 131 2478 2069 2535; baseline -0.008 -2"><span class='ocrx_word' id='word_1_465' title='bbox 131 2492 228 2533; x_wconf 88' lang='lat' dir='ltr'>tuit.</span> <span class='ocrx_word' id='word_1_466' title='bbox 247 2491 401 2532; x_wconf 85' lang='lat' dir='ltr'>Contra</span> <span class='ocrx_word' id='word_1_467' title='bbox 415 2489 639 2531; x_wconf 83' lang='lat' dir='ltr'>ostendunt</span> <span class='ocrx_word' id='word_1_468' title='bbox 656 2490 1005 2529; x_wconf 82' lang='lat' dir='ltr'>commentatores</span> <span class='ocrx_word' id='word_1_469' title='bbox 1021 2486 1077 2528; x_wconf 92' lang='lat' dir='ltr'>N.</span> <span class='ocrx_word' id='word_1_470' title='bbox 1096 2486 1158 2534; x_wconf 66' lang='lat' dir='ltr'>T„</span> <span class='ocrx_word' id='word_1_471' title='bbox 1178 2487 1206 2527; x_wconf 55' lang='grc' dir='ltr'>ὦ</span> <span class='ocrx_word' id='word_1_472' title='bbox 1223 2486 1291 2526; x_wconf 82' lang='lat' dir='ltr'>Fr.</span> <span class='ocrx_word' id='word_1_473' title='bbox 1312 2484 1467 2526; x_wconf 48' lang='lat' dir='ltr'>duniaco·</span> <span class='ocrx_word' id='word_1_474' title='bbox 1486 2483 1528 2523; x_wconf 82' lang='grc' dir='ltr'>ιή</span> <span class='ocrx_word' id='word_1_475' title='bbox 1544 2480 1769 2535; x_wconf 71' lang='lat' dir='ltr'>parallelis,</span> <span class='ocrx_word' id='word_1_476' title='bbox 1789 2478 2069 2533; x_wconf 72' lang='lat' dir='ltr'>Spanlzcmizcs</span> 
     </span>
     <span class='ocr_line' id='line_1_42' title="bbox 133 2537 2070 2603; baseline -0.009 -10"><span class='ocrx_word' id='word_1_477' title='bbox 133 2551 177 2593; x_wconf 81' lang='lat' dir='ltr'>in</span> <span class='ocrx_word' id='word_1_478' title='bbox 201 2549 339 2592; x_wconf 70' lang='lat' dir='ltr'>dubiis</span> <span class='ocrx_word' id='word_1_479' title='bbox 356 2547 628 2603; x_wconf 72' lang='lat' dir='ltr'>Euanqclicis,</span> <span class='ocrx_word' id='word_1_480' title='bbox 650 2548 740 2588; x_wconf 89' lang='lat' dir='ltr'>loca</span> <span class='ocrx_word' id='word_1_481' title='bbox 757 2546 832 2587; x_wconf 86' lang='lat' dir='ltr'>illa</span> <span class='ocrx_word' id='word_1_482' title='bbox 854 2548 965 2588; x_wconf 80' lang='lat' dir='ltr'>recte</span> <span class='ocrx_word' id='word_1_483' title='bbox 983 2543 1161 2600; x_wconf 85' lang='lat' dir='ltr'>allegari</span> <span class='ocrx_word' id='word_1_484' title='bbox 1178 2547 1304 2597; x_wconf 83' lang='lat' dir='ltr'>atque</span> <span class='ocrx_word' id='word_1_485' title='bbox 1322 2541 1538 2596; x_wconf 79' lang='lat' dir='ltr'>applicari.</span> <span class='ocrx_word' id='word_1_486' title='bbox 1563 2538 1641 2580; x_wconf 84' lang='grc' dir='ltr'>ΙΙΙ.</span> <span class='ocrx_word' id='word_1_487' title='bbox 1659 2539 1688 2580; x_wconf 75' lang='grc' dir='ltr'><em>Α</em></span> <span class='ocrx_word' id='word_1_488' title='bbox 1697 2551 1831 2592; x_wconf 60' lang='lat' dir='ltr'>mam.</span> <span class='ocrx_word' id='word_1_489' title='bbox 1851 2537 1958 2586; x_wconf 77' lang='lat' dir='ltr'>Quia</span> <span class='ocrx_word' id='word_1_490' title='bbox 1976 2538 2070 2590; x_wconf 88' lang='lat' dir='ltr'>post</span> 
     </span>
    </p>

    <p class='ocr_par' dir='ltr' id='par_1_9' title="bbox 113 2595 2070 2781">
     <span class='ocr_line' id='line_1_43' title="bbox 113 2595 2069 2664; baseline -0.008 -14"><span class='ocrx_word' id='word_1_491' title='bbox 113 2609 301 2664; x_wconf 27' lang='lat' dir='ltr'>,lapsum</span> <span class='ocrx_word' id='word_1_492' title='bbox 330 2607 448 2648; x_wconf 88' lang='lat' dir='ltr'>nulla</span> <span class='ocrx_word' id='word_1_493' title='bbox 482 2605 646 2660; x_wconf 85' lang='lat' dir='ltr'>religio,</span> <span class='ocrx_word' id='word_1_494' title='bbox 684 2605 801 2645; x_wconf 88' lang='lat' dir='ltr'>nulla</span> <span class='ocrx_word' id='word_1_495' title='bbox 833 2605 934 2646; x_wconf 88' lang='lat' dir='ltr'>fides</span> <span class='ocrx_word' id='word_1_496' title='bbox 972 2603 1169 2644; x_wconf 88' lang='lat' dir='ltr'>salutaris</span> <span class='ocrx_word' id='word_1_497' title='bbox 1187 2602 1277 2643; x_wconf 90' lang='lat' dir='ltr'>sine</span> <span class='ocrx_word' id='word_1_498' title='bbox 1294 2600 1475 2650; x_wconf 68' lang='lat' dir='ltr'>Christo,</span> <span class='ocrx_word' id='word_1_499' title='bbox 1500 2600 1528 2641; x_wconf 79' lang='grc'>81</span> <span class='ocrx_word' id='word_1_500' title='bbox 1547 2597 1635 2639; x_wconf 87' lang='lat' dir='ltr'>sine</span> <span class='ocrx_word' id='word_1_501' title='bbox 1653 2596 1902 2650; x_wconf 84' lang='lat' dir='ltr'>Euangelio,</span> <span class='ocrx_word' id='word_1_502' title='bbox 1921 2595 1965 2635; x_wconf 89' lang='grc'>111</span> <span class='ocrx_word' id='word_1_503' title='bbox 1987 2608 2069 2648; x_wconf 86' lang='lat' dir='ltr'>quo</span> 
     </span>
     <span class='ocr_line' id='line_1_44' title="bbox 135 2653 2070 2712; baseline -0.008 -3"><span class='ocrx_word' id='word_1_504' title='bbox 135 2667 328 2709; x_wconf 89' lang='lat' dir='ltr'>Christus</span> <span class='ocrx_word' id='word_1_505' title='bbox 363 2664 586 2706; x_wconf 86' lang='lat' dir='ltr'>revelatur.</span> <span class='ocrx_word' id='word_1_506' title='bbox 619 2663 708 2705; x_wconf 82' lang='lat' dir='ltr'>Joh.</span> <span class='ocrx_word' id='word_1_507' title='bbox 745 2663 810 2703; x_wconf 81' lang='lat'>14.</span> <span class='ocrx_word' id='word_1_508' title='bbox 853 2677 886 2703; x_wconf 81' lang='grc' dir='ltr'>υ.</span> <span class='ocrx_word' id='word_1_509' title='bbox 922 2664 961 2702; x_wconf 80' lang='grc'>6.</span> <span class='ocrx_word' id='word_1_510' title='bbox 984 2662 1114 2703; x_wconf 76' lang='lat' dir='ltr'>Actor.</span> <span class='ocrx_word' id='word_1_511' title='bbox 1135 2661 1172 2701; x_wconf 73' lang='lat'>4.</span> <span class='ocrx_word' id='word_1_512' title='bbox 1191 2674 1226 2701; x_wconf 84' lang='lat' dir='ltr'>v.</span> <span class='ocrx_word' id='word_1_513' title='bbox 1253 2660 1319 2699; x_wconf 80' lang='lat'>12.</span> <span class='ocrx_word' id='word_1_514' title='bbox 1340 2659 1444 2712; x_wconf 75' lang='lat' dir='ltr'>Eplz.</span> <span class='ocrx_word' id='word_1_515' title='bbox 1465 2659 1504 2699; x_wconf 86' lang='grc'>2.</span> <span class='ocrx_word' id='word_1_516' title='bbox 1522 2671 1557 2698; x_wconf 71' lang='grc' dir='ltr'>υ.</span> <span class='ocrx_word' id='word_1_517' title='bbox 1581 2656 1647 2699; x_wconf 86' lang='grc'>12.</span> <span class='ocrx_word' id='word_1_518' title='bbox 1678 2655 1739 2695; x_wconf 83' lang='grc'>13.</span> <span class='ocrx_word' id='word_1_519' title='bbox 1757 2653 1802 2695; x_wconf 83' lang='lat' dir='ltr'>Si</span> <span class='ocrx_word' id='word_1_520' title='bbox 1819 2668 1919 2708; x_wconf 84' lang='lat' dir='ltr'>ergo</span> <span class='ocrx_word' id='word_1_521' title='bbox 1942 2653 2070 2694; x_wconf 83' lang='lat' dir='ltr'>sacris</span> 
     </span>
     <span class='ocr_line' id='line_1_45' title="bbox 134 2712 2069 2781; baseline -0.009 -13"><span class='ocrx_word' id='word_1_522' title='bbox 134 2726 236 2781; x_wconf 85' lang='lat' dir='ltr'>ipsis</span> <span class='ocrx_word' id='word_1_523' title='bbox 270 2723 426 2779; x_wconf 87' lang='lat' dir='ltr'>obtigit</span> <span class='ocrx_word' id='word_1_524' title='bbox 457 2722 585 2764; x_wconf 88' lang='lat' dir='ltr'>etiam</span> <span class='ocrx_word' id='word_1_525' title='bbox 616 2721 901 2776; x_wconf 83' lang='lat' dir='ltr'>Euangelium</span> <span class='ocrx_word' id='word_1_526' title='bbox 917 2723 947 2764; x_wconf 80' lang='grc'>81</span> <span class='ocrx_word' id='word_1_527' title='bbox 968 2721 1068 2762; x_wconf 88' lang='lat' dir='ltr'>fides</span> <span class='ocrx_word' id='word_1_528' title='bbox 1087 2718 1244 2760; x_wconf 83' lang='lat' dir='ltr'>Christi</span> <span class='ocrx_word' id='word_1_529' title='bbox 1260 2733 1309 2759; x_wconf 83' lang='lat' dir='ltr'>ex</span> <span class='ocrx_word' id='word_1_530' title='bbox 1327 2716 1576 2771; x_wconf 83' lang='lat' dir='ltr'>Euangelio‚</span> <span class='ocrx_word' id='word_1_531' title='bbox 1595 2714 1705 2768; x_wconf 85' lang='lat' dir='ltr'>quod</span> <span class='ocrx_word' id='word_1_532' title='bbox 1723 2715 1785 2754; x_wconf 83' lang='lat' dir='ltr'>est</span> <span class='ocrx_word' id='word_1_533' title='bbox 1802 2712 1984 2753; x_wconf 82' lang='lat' dir='ltr'>medium</span> <span class='ocrx_word' id='word_1_534' title='bbox 2003 2725 2069 2751; x_wconf 87' lang='lat' dir='ltr'>ne-</span> 
     </span>
    </p>
   </div>
   <div class='ocr_carea' id='block_1_3' title="bbox 136 2770 2071 2870">
    <p class='ocr_par' dir='ltr' id='par_1_10' title="bbox 136 2770 2071 2870">
     <span class='ocr_line' id='line_1_46' title="bbox 136 2770 2071 2870; baseline -0.008 -44"><span class='ocrx_word' id='word_1_535' title='bbox 136 2783 366 2827; x_wconf 86' lang='lat' dir='ltr'>cessarium</span> <span class='ocrx_word' id='word_1_536' title='bbox 399 2782 450 2824; x_wconf 86' lang='lat' dir='ltr'>ad</span> <span class='ocrx_word' id='word_1_537' title='bbox 482 2781 662 2823; x_wconf 86' lang='lat' dir='ltr'>salutem</span> <span class='ocrx_word' id='word_1_538' title='bbox 684 2781 817 2823; x_wconf 77' lang='lat' dir='ltr'>Actor.</span> <span class='ocrx_word' id='word_1_539' title='bbox 839 2780 904 2821; x_wconf 85' lang='lat'>15.</span> <span class='ocrx_word' id='word_1_540' title='bbox 924 2794 960 2821; x_wconf 70' lang='lat' dir='ltr'>v.</span> <span class='ocrx_word' id='word_1_541' title='bbox 983 2779 1047 2820; x_wconf 89' lang='lat' dir='ltr'>ll.</span> <span class='ocrx_word' id='word_1_542' title='bbox 1066 2777 1141 2820; x_wconf 92' lang='lat' dir='ltr'>IV.</span> <span class='ocrx_word' id='word_1_543' title='bbox 1160 2777 1333 2833; x_wconf 57' lang='grc' dir='ltr'>,ΛΦ-911711.</span> <span class='ocrx_word' id='word_1_544' title='bbox 1354 2775 1461 2825; x_wconf 85' lang='lat' dir='ltr'>Quia</span> <span class='ocrx_word' id='word_1_545' title='bbox 1478 2774 1555 2816; x_wconf 88' lang='lat' dir='ltr'>sub</span> <span class='ocrx_word' id='word_1_546' title='bbox 1573 2771 1626 2814; x_wconf 92' lang='lat' dir='ltr'>V.</span> <span class='ocrx_word' id='word_1_547' title='bbox 1643 2771 1691 2814; x_wconf 90' lang='lat' dir='ltr'>T.</span> <span class='ocrx_word' id='word_1_548' title='bbox 1705 2771 1765 2827; x_wconf 90' lang='lat' dir='ltr'>pii</span> <span class='ocrx_word' id='word_1_549' title='bbox 1782 2770 2071 2870; x_wconf 58' lang='lat' dir='ltr'>commipiioine</span> 
     </span>
     <span class='ocr_line' id='line_1_47' title="bbox 1949 2841 2069 2870; baseline -0.008 0"><span class='ocrx_word' id='word_1_550' title='bbox 1949 2842 1996 2870; x_wconf 87' lang='lat' dir='ltr'>oe</span> <span class='ocrx_word' id='word_1_551' title='bbox 2027 2841 2069 2869; x_wconf 90' lang='grc'>6-</span> 
     </span>
    </p>
   </div>
  </div>
 </body>
</html>
