2399 3084
565 106 1280 151 D1sp.X1.DESAnBArr110
1314 105 1635 148 ETFEs'ris.
1985 106 2068 148 327

135 250 217 277 non
240 234 419 282 factam3
442 233 472 275 81
498 233 799 285 consequenter
815 230 900 272 illis
927 229 1170 280 arationem,
1189 232 1433 279 sementem,
1450 243 1629 270 messem
1646 228 1927 280 interdictam,
1947 227 2070 270 Chri-

135 293 282 335 stianis
298 291 494 333 minime:
513 290 568 341 id,
586 290 773 344 inquam,
791 288 951 330 nemini
968 288 1039 329 fiet
1051 288 1291 338 verisimile,
1305 288 1378 342 qui
1390 288 1511 329 modo
1523 290 1664 328 textus
1677 287 1826 328 citatos
1840 287 2073 340 inspexerit

135 367 182 394 ac
199 351 556 394 Commentatores
573 349 770 402 antiquos
788 362 835 389 ae
851 346 1103 389 recentiores
1120 346 1388 388 consuluerit.
1412 345 1648 387 Consectar.
1675 347 1884 388 Pessimus
1902 346 1968 388 ille
1983 359 2072 387 ‘mos

134 418 189 453 esc
220 411 266 452 in
300 410 465 462 Papam
496 408 595 449 olim
628 407 898 455 introductas,
935 404 975 447 a·
1006 405 1125 447 hodie
1155 405 1306 447 alieubi
1335 405 1380 446 in
1400 405 1535 459 Belqio
1551 406 1656 458 sorte
1671 405 1864 446 nondam
1879 403 2071 455 abolitus,

135 470 278 511 saltem
309 467 452 510 inullis
482 467 608 508 annis
638 473 728 519 post
758 465 977 507 stabilitam
1012 465 1286 506 Eeelesiaram
1318 464 1498 505 istarum
1528 463 1865 517 reformationem
1887 469 2073 504 servatus

135 541 262 583 usqae
291 527 347 568 ad
377 538 542 567 annam
567 524 692 564 1619.
716 523 755 566 ἃ·
770 525 897 573 ultra,
919 536 998 578 qao
1016 523 1110 565 rari
1125 523 1168 563 ἱη
1186 536 1312 564 messe
1330 522 1484 565 mensis
1508 522 1635 563 anias
1652 529 1725 563 aab
1743 522 1926 563 daoram
1943 521 2071 576 feriae

135 586 184 628 ab
208 586 324 628 omni
348 584 625 626 observacione
652 582 850 626 sabbathi
875 581 915 623 a
934 581 1098 636 publico
1118 582 1323 635 reliyionis
1343 581 1461 636 [pag.
1488 580 1621 635 1264]
1638 580 1823 622 exercitio
1845 579 2074 622 eoneedan-

136 653 218 696 tar,
237 649 327 686 tum
349 642 600 692 Pastor-ibas,
623 649 712 684 lam
729 640 1010 683 Aadaoribas.
1044 638 1164 681 VIII.
1184 640 1252 681 An
1270 640 1394 681 liceat
1411 639 1575 693 piscari,
1594 639 1739 680 venari
1756 640 1824 681 816.
1857 638 2073 694 Resp.Aff.

139 704 351 746 Casut'slae
369 701 579 758 Pontifieii
595 700 750 741 anobis
767 701 830 741 eie.
854 714 929 740 nec
947 699 1111 740 videtur
1129 699 1312 740 abnuere
1332 699 1546 740 Danaeas.
1565 698 1615 739 In
1633 698 1690 739 lic.
1710 698 1759 739 de
1775 697 1904 739 Feriis
1921 698 2075 739 Extra-

135 776 225 816 vay.
257 775 348 816 cap.
383 761 420 802 1.
453 759 692 801 conceditur
708 761 882 812 captura
903 757 1111 808 halecum,
1134 758 1256 798 modo
1279 759 1442 811 partem
1459 757 1557 797 dent
1574 756 1845 810 pauperibus.
1873 754 2075 797 Rationes

136 820 396 870 adferuntur,
415 818 513 873 quia
530 819 642 859 certo
660 817 759 858 anni
776 820 964 870 tempore
982 818 1149 857 tantum
1166 816 1400 870 capiuntur,
1420 816 1449 857 81
1467 814 1565 868 quia
1583 815 1634 855 ad
1651 814 1808 855 victum
1825 828 1874 855 ea
1895 828 1962 855 res
1981 827 2077 868 per-

136 879 256 920 tinet.
290 877 379 920 Nos
407 879 551 918 contra
587 876 729 917 thesin
759 891 853 917 cum
885 877 1063 928 utraque
1089 875 1326 915 ratiuncula
1342 874 1642 928 improbamus.
1678 874 1715 914 1.
1749 872 1856 922 Quia
1875 871 2079 926 quidquid

136 940 246 979 esset
277 937 327 978 de
363 938 538 990 captura
569 935 763 976 halecum
796 934 864 989 (de
898 936 981 986 qua
1007 932 1115 974 forte
1144 933 1278 986 alibi),
1312 947 1394 974 11011
1422 932 1534 973 valet
1550 935 1693 973 tamen
1710 930 2009 985 consequentia
2025 930 2077 971 ad

139 1009 431 1050 quamcunque
469 993 598 1034 aliam
633 993 921 1046 piseationem,
954 992 1108 1033 nedum
1131 992 1182 1032 ad
1199 1006 1491 1045 quamcunque
1514 990 1791 1031 venationem.
1816 990 1855 1031 2.
1874 988 2078 1043 Sequere-

137 1057 206 1096 tur
227 1052 533 1108 providentiam
567 1052 752 1093 divinam
784 1051 893 1091 male
925 1050 1186 1104 dispensasse
1217 1053 1421 1103 tempora,
1455 1049 1611 1092 &inter
1626 1048 1896 1090 necessitates
1914 1047 2078 1088 animae

136 1127 184 1154 ac
199 1112 384 1166 corporis
403 1110 687 1152 distribuisse:
706 1109 914 1164 siquidem
935 1109 1053 1150 nulla
1075 1112 1148 1149 aut
1165 1109 1345 1162 paucula
1367 1111 1493 1161 atque
1515 1107 1674 1148 ineerta
1692 1106 1915 1148 admodum
1941 1107 2080 1148 essent

137 1170 354 1213 Sabbatha
391 1169 676 1211 Piscatoribus
708 1170 737 1211 &
781 1167 1077 1209 Venatoribus
1112 1168 1150 1208 3.
1184 1166 1366 1208 Etiamsi
1397 1169 1509 1208 certo
1538 1165 1637 1206 anni
1653 1168 1841 1220 tempore
1859 1164 2080 1218 capiantur

135 1230 316 1280 haleees,
352 1243 435 1270 non
464 1230 607 1269 tamen
629 1228 751 1269 cardo
773 1227 896 1268 istius
917 1226 1079 1281 negotii
1095 1225 1275 1267 vertitur
1295 1226 1339 1266 in
1358 1226 1504 1266 diebus
1521 1223 1766 1266 Dominicis.
1800 1223 1986 1264 Tantum
2001 1222 2079 1264 ha-

136 1289 271 1330 lecum
302 1287 391 1329 Deo
423 1285 694 1328 benedicente
715 1287 891 1340 possunt
913 1299 1060 1339 capere
1077 1285 1292 1326 mensibus
1310 1286 1383 1324 aut
1399 1283 1731 1324 hebdomadibus
1751 1282 1926 1336 aliquot,
1945 1295 2079 1336 quan-

135 1349 227 1388 tum
259 1345 471 1387 suffecerit
504 1345 644 1386 animo
677 1348 753 1386 sua
790 1347 901 1385 sorte
926 1346 1135 1392 contento,
1174 1348 1208 1383 1.
1247 1343 1280 1386 T
1281 1343 1419 1384 intelli.
1445 1342 1484 1384 6.
1501 1341 1574 1383 ΙΧ.
1594 1341 1663 1382 An
1685 1341 1909 1383 lautiora&
1928 1339 2081 1381 diversi

130 1404 301 1460 ,generis
334 1404 496 1446 sercula
512 1403 702 1457 prandio,
744 1403 847 1444 item
867 1402 1055 1444 convivia
1087 1404 1332 1455 sumptuosa
1364 1402 1393 1443 81
1421 1415 1608 1454 operosa,
1631 1399 1840 1454 imprimis
1857 1398 2080 1453 nuptialia,

136 1463 271 1505 eidem
307 1462 496 1517 prandio,
529 1464 602 1503 aut
639 1462 768 1503 etiam
799 1461 961 1503 Ooenae
998 1459 1254 1502 Dominicali
1286 1459 1567 1501 conveniant?
1595 1460 1711 1514 Hesp.
1738 1459 1834 1513 Neq.
1854 1460 2080 1511 utrumque

137 1524 281 1564 contra
311 1520 554 1576 hypocrisin
584 1519 611 1562 J
615 1520 820 1571 udaicani,
843 1519 976 1574 palati
993 1519 1151 1560 deliciis
1174 1519 1204 1561 &
1221 1518 1406 1572 cupediis
1425 1517 1812 1566 sabbathizantem3
1834 1516 1962 1558 etiam
1983 1529 2080 1557 con-

136 1583 202 1622 tra
219 1579 481 1622 Christianos
499 1580 714 1633 quosdam,
741 1579 879 1620 nescio
902 1592 983 1633 quo
1007 1578 1217 1627 cacoethe,
1251 1576 1676 1627 Semi-Judaizantes,
1707 1575 1779 1629 qui
1793 1575 1983 1628 exemplo
2000 1572 2077 1616 Sa-

137 1639 238 1693 maji
273 1639 383 1680 senis
415 1638 601 1692 quotidie
619 1638 881 1679 comedentes
899 1637 951 1678 ad
966 1637 1169 1678 honorem
1187 1635 1366 1677 Sabathi
1392 1634 1665 1676 selectissima
1682 1634 1842 1675 fercula
1859 1632 2076 1675 Sabbatho

136 1699 365 1748 reservant,
399 1698 428 1739 &
459 1696 725 1738 Sabbathum
750 1711 844 1737 cum
881 1692 1094 1737 hodiernis
1126 1695 1299 1737 ‚Iudaeis
1323 1694 1484 1735 faciunt
1502 1693 1776 1747 voluptatem.
1795 1692 1859 1733 De
1883 1705 1965 1746 quo
1983 1691 2076 1732 vide

136 1756 363 1813 Baaedorfii
389 1755 594 1812 Syriaqogy.
627 1769 717 1809 cap.
748 1755 815 1795 11.
838 1754 896 1795 Et
913 1754 1226 1809 Hospinianam
1244 1755 1291 1794 cle
1312 1752 1440 1795 Fesea‘s
1461 1752 1716 1794 ludaeorum
1732 1764 1821 1804 cap.
1843 1750 1881 1791 3.
1896 1750 1925 1792 &
1942 1747 1988 1787 τὲ
2008 1762 2075 1792 re-

136 1814 306 1856 cordare
336 1815 420 1856 dies
451 1813 647 1856 Sabbalhi
673 1828 768 1854 cum
789 1811 840 1854 R..
858 1812 1065 1854 Elhasare
1082 1827 1208 1866 quem
1224 1812 1368 1852 laudat
1387 1812 1574 1854 Menasse
1590 1810 1665 1851 ben
1688 1810 1817 1851 Israel
1834 1810 1879 1850 in
1900 1809 2075 1851 Concili-

136 1881 248 1915 alore
278 1874 324 1915 in
354 1873 547 1915 Emodwn
579 1887 646 1928 (111.
681 1872 749 1913 36.
779 1873 826 1914 R.
859 1871 938 1914 Sel.
964 1871 1105 1913 Jarelzi
1134 1872 1180 1912 in
1211 1869 1404 1912 Exodam
1428 1869 1495 1910 20.
1517 1869 1554 1910 7.
1574 1868 1746 1922 exponi:
1768 1863 1904 1912 5¹5wa
1931 1878 2074 1912 umam

136 1944 227 1977 &nn
253 1942 322 1977 ΠΒ»
350 1940 432 1976 *snm
459 1928 507 1991 7³>
533 1943 614 1991 miz
640 1938 751 1976 :buy
768 1931 848 1971 hoc
879 1932 955 1981 est,
979 1932 1026 1970 ut
1056 1929 1259 1971 Doctores
1277 1943 1372 1969 suos
1390 1927 1562 1981 exponit
1580 1926 1630 1968 R.
1649 1926 1856 1977 Menasse,
1881 1925 1927 1970 Si
1942 1925 2074 1968 inedie

137 1991 403 2034 hebdomadis
439 1991 744 2046 exquisitiorem
778 1989 914 2031 cibam
939 1988 1165 2043 paraverit,
1202 1995 1249 2029 ut
1280 1986 1592 2029 emnserveead
1608 1983 2076 2027 leonoramlmnSabba-

137 2050 268 2092 thum.
286 2048 422 2104 Supra
441 2049 716 2090 indicavimus
735 2049 781 2091 R.
803 2046 939 2090 David
957 2047 1137 2097 Kimelzi,
1154 2046 1287 2088 loeam
1306 2045 1464 2087 Jesaiae
1483 2045 1549 2085 58.
1567 2058 1669 2086 vers.
1691 2045 1757 2084 13.
1775 2044 1857 2084 hue
1872 2045 2074 2097 torquen-

135 2111 234 2151 tem.
253 2108 344 2158 Quo
361 2107 630 2150 verecundior
648 2109 711 2148 est
726 2108 823 2149 Don
839 2105 1094 2149 Abarbaneel
1112 2105 1155 2146 in
1178 2104 1455 2147 Gonnnencar.
1475 2103 1531 2145 ad
1549 2104 1619 2145 loe.
1647 2103 1710 2144 eil.
1735 2102 1807 2156 qui
1824 2102 1873 2143 de
1889 2101 2074 2143 oblecta-

135 2167 250 2208 tione
276 2167 320 2207 in
345 2166 466 2208 bonis
497 2165 694 2220 operibus
723 2165 907 2219 exponit,
931 2166 960 2207 &
981 2179 1063 2205 11011
1080 2165 1129 2205 de
1147 2163 1431 2217 corporalibus
1450 2161 1624 2203 deliciis.
1656 2160 1797 2214 Atque
1814 2160 1893 2201 hac
1911 2159 2074 2201 ratione

137 2225 280 2266 miseri
295 2224 323 2266 J
326 2225 448 2266 udaei
464 2224 703 2279 religiosius
721 2223 879 2265 scilicet
901 2223 1124 2265 observant
1146 2221 1411 2263 Sabbathum
1429 2235 1555 2274 quam
1573 2219 1818 2270 Christiani,
1838 2220 1885 2260 ut
1902 2218 2072 2272 quidem

137 2283 345 2339 gloriatur
370 2283 420 2326 R.
455 2284 643 2326 Menasse
671 2296 767 2337 paq.
803 2282 898 2323 155.
933 2280 1059 2323 Ratio
1091 2280 1241 2334 prioris
1279 2279 1412 2334 partis
1432 2278 1673 2320 assertionis
1690 2280 1857 2319 nostrae
1879 2279 1954 2327 est,
1975 2276 2075 2330 quia

137 2342 328 2383 homines
360 2344 408 2382 ut
438 2341 666 2395 plurimum
702 2341 867 2395 ineptos
899 2355 941 2381 se
979 2339 1157 2380 reddunt
1174 2339 1226 2379 ad
1247 2337 1459 2388 exercitia,
1482 2339 1572 2378 tum
1585 2336 1768 2391 publiea,
1786 2338 1878 2376 tum
1893 2335 2073 2389 privata,

137 2400 333 2442 alacriter
354 2400 604 2454 peragenda.
638 2398 764 2440 Ratio
781 2398 1024 2453 posterioris
1042 2400 1118 2449 est,
1138 2397 1237 2451 quia
1253 2395 1608 2446 matresfamilias,
1641 2395 1777 2448 coqui,
1800 2394 1924 2444 servi,
1942 2393 2073 2435 ancil-

137 2459 217 2508 lae,
243 2459 405 2512 -aliique
438 2461 461 2499 Ξ1
491 2458 671 2512 publicis
689 2458 817 2499 sacris
835 2459 865 2500 &
881 2456 1152 2498 meditatione
1174 2469 1315 2497 rerum
1332 2454 1568 2496 divinarum
1587 2454 1863 2503 abducuntur,
1886 2453 1984 2493 dum
2001 2466 2073 2493 cu-

138 2517 301 2558 linariis
333 2522 393 2558 ita
424 2516 578 2558 intenti
595 2519 713 2557 sunt:
738 2518 863 2571 (quae
885 2515 993 2556 ratio
1011 2515 1139 2556 etiam
1157 2514 1368 2568 allegatur
1387 2515 1410 2554 Ξι
1435 2513 1618 2567 Zeppero
1637 2512 1762 2555 Pola.
1788 2512 1930 2553 Eeeles.
1950 2510 2016 2552 lib.
2034 2511 2072 2553 1.

138 2589 226 2630 cap.
252 2576 320 2617 15.
349 2589 447 2630 pay.
483 2574 579 2615 184.
613 2575 642 2616 &
681 2575 890 2617 Baldaino
921 2587 1007 2627 cap.
1029 2573 1096 2613 13.
1115 2587 1195 2615 eas.
1216 2573 1274 2626 8.)
1292 2571 1359 2613 Ne
1377 2571 1475 2625 quid
1492 2571 1627 2612 dicam
1640 2571 1688 2612 de
1705 2569 1933 2620 nonnullis,
1954 2570 2071 2624 [pag.

141 2633 275 2689 1265]
308 2634 344 2674 31
379 2648 462 2674 non
487 2633 711 2687 plerisque,
744 2633 948 2683 invitatis,
976 2631 1128 2685 quibus
1160 2630 1323 2672 devotio
1361 2629 1569 2671 excutitur
1596 2630 1694 2670 dum
1712 2629 1955 2677 moliuntur,
1974 2628 2073 2669 dum

139 2695 372 2744 comuntur,
391 2692 487 2733 dum
506 2692 650 2732 dentes
672 2693 701 2734 &
718 2693 907 2732 ventrem
924 2692 1088 2744 parant.
1111 2689 1222 2730 Hine
1248 2690 1359 2730 recte
1382 2688 1550 2730 Daneus
1573 2687 1770 2742 prohibet
1791 2686 2071 2741 voluptatibus

136 2751 364 2806 indalyere,
381 2750 548 2805 popinis
564 2749 715 2802 adesse,
732 2750 889 2791 theatra
905 2750 1178 2804 frequentare,
1199 2748 1425 2802 spectacula
1441 2747 1567 2788 edere.
1584 2746 1641 2787 Et
1668 2746 1863 2803 Synodus
1879 2745 2071 2787 Dordra-

138 2822 237 2852 cena
252 2823 367 2853 anno
386 2808 512 2851 1574.
529 2816 610 2852 art.
627 2809 696 2850 81.
713 2807 1071 2851 confirmationem
1088 2806 1345 2848 matrimonii
1368 2820 1414 2847 eo
1432 2805 1497 2847 die
1519 2805 1666 2847 mallet
1681 2819 1764 2846 non
1780 2804 1894 2855 fieri;
1917 2805 1947 2847 81
1963 2803 2071 2845 6616-

1985 2861 2072 2902 bris
