2399 3084
329 117 412 158 270
543 117 680 158 D1sp.
715 116 788 159 IX.
821 116 896 158 DE
929 115 1094 158 Sum
1126 112 1438 158 ΕιΕυΤοιιυΜ
1470 131 1598 158 ANTE
1632 116 2046 160 Gonvssusionssm.

327 241 548 283 contrariis
579 241 787 283 fructibus
806 240 1058 282 contrariam
1076 244 1289 295 appareat.
1324 241 1364 282 4.
1382 240 1532 294 Excipi
1557 243 1710 294 posset,
1733 241 1833 283 hinc
1851 241 1970 296 sequi
1988 241 2216 283 amentiam
2241 243 2270 283 &

328 300 577 341 surditatem
613 300 656 341 in
683 300 920 341 amentibus
953 301 982 342 82
1015 300 1151 341 surdis
1183 299 1408 341 foederatis
1440 314 1515 353 pro
1536 299 1776 341 indubitato
1795 300 2036 342 charactere
2054 299 2270 341 electionis

328 359 540 400 constitui.
575 360 623 402 R.
643 358 869 413 Quousque
898 358 1133 399 infantibus
1159 358 1346 400 defectus
1363 358 1710 409 ratiocinationis,
1729 360 1758 400 δι
1776 361 2078 413 consequenter
2095 358 2271 400 actualis

328 418 578 471 receptionis
596 417 755 459 Christi
771 432 846 471 per
868 417 992 458 fidem
1011 431 1060 457 ex
1084 417 1200 458 verbi
1218 417 1379 468 auditu,
1397 420 1444 458 ut
1465 418 1493 459 81
1511 416 1697 458 defectus
1716 417 1845 459 obicis
1873 432 1946 459 seu
1968 417 2161 458 absentia
2183 417 2270 458 obi—

327 477 397 527 cis,
417 491 541 530 quem
561 476 783 532 euangelio
800 476 828 518 81
846 475 1050 517 oblationi
1068 475 1225 517 Christi
1247 491 1323 517 nec
1340 478 1514 529 ponunt,
1533 490 1609 516 nec
1625 490 1779 529 ponere
1797 479 1985 530 possunt,
1999 490 2074 530 pro
2092 475 2269 517 charac-

327 537 415 576 tere
452 535 716 576 indubitatae
750 534 964 576 electionis
997 535 1281 586 constituitur,
1315 537 1388 576 aut
1417 549 1500 575 non
1533 534 1825 584 constituitur;
1860 549 2042 589 eousque
2075 535 2202 575 etiam
2228 534 2270 574 in

327 594 566 635 amentibus
589 596 618 637 δι
635 594 771 635 surdis
790 596 934 648 (supra
952 593 1188 647 descriptis)
1208 596 1231 634 a
1247 593 1367 634 nobis
1385 592 1585 634 constitui
1606 595 1758 646 potest.
1791 592 1877 635 Ubi
1914 594 2006 647 quis
2025 592 2272 647 explicuerit

327 654 356 695 Sc
388 653 629 706 probaverit
662 653 947 694 indubitatum
974 651 1260 693 characterem
1292 653 1520 693 electorum
1545 650 1770 702 infantum,
1798 667 1950 706 sequar
1966 652 2104 706 ipsum
2127 651 2269 706 appli-

328 711 457 752 cando
489 713 666 753 eundem
704 711 826 752 dictis
859 711 1099 752 amentibus
1117 712 1145 753 &
1163 711 1321 752 surdis:
1344 710 1416 752 ubi
1434 710 1612 761 steterit,
1635 711 1664 752 &
1687 724 1765 765 ego
1777 711 1909 752 stabo.
1929 709 2011 752 Sed
2028 711 2077 751 de
2093 709 2160 751 his
2178 710 2272 764 plus

327 770 444 811 satis.
477 770 578 811 Dixi
610 771 720 825 quod
748 771 792 811 111
819 785 863 811 re
881 784 963 810 non
982 772 1070 810 tam
1087 770 1248 825 liquida
1267 770 1374 810 mihi
1392 769 1472 810 dici
1491 783 1612 822 posse
1632 768 1874 810 videbatur:
1902 770 1974 810 sed
1991 770 2150 824 absque
2168 768 2272 809 alio-

327 844 418 869 rum
437 830 706 883 praejudicio,
720 844 794 870 nec
812 829 1008 883 cuiquam
1027 828 1126 883 quid
1144 829 1394 882 praescribo.
1419 827 1524 868 Eam
1545 827 1786 868 libertatem
1804 828 1988 869 vicissim
2004 828 2111 869 mihi
2127 841 2272 868 conce-

328 888 440 939 dant,
460 903 586 943 quam
605 888 707 942 ipsis
731 888 912 929 libenter
933 887 1138 942 relinquo,

779 1673 783 1675 “
793 1661 1395 1697 ῐ---ἫΜ
1484 1670 1531 1695 w
1681 1671 1906 1680 μ-
