2399 3084
328 87 412 129 330
768 86 1839 135 D1sp.XLDssinBArnomFesms.

326 211 470 266 ignem
501 213 675 261 struere,
709 210 762 251 ad
793 224 889 251 eum
925 210 1132 262 accedere,
1166 211 1322 253 ostium
1355 212 1500 255 domus
1518 229 1618 256 suae
1635 215 1841 268 claudere,
1859 232 1934 272 per
1953 217 2270 272 plateas&vias

327 270 485 324 absque
518 283 655 310 errore
682 271 796 310 recta
818 269 870 310 ad
896 269 1102 323 templum
1120 270 1303 322 tendere,
1321 270 1417 313 inde
1437 273 1606 315 domum
1628 275 1782 325 redire;
1801 277 1956 319 adhaec
1972 277 2151 331 pluvias,
2168 291 2264 319 ven·

326 331 430 378 tum,
459 327 607 382 frigus,
636 327 816 368 calorem
844 328 1020 374 sentire;
1047 328 1220 383 insuper
1231 329 1422 372 homines
1440 332 1584 373 obvios
1603 335 1676 374 aut
1692 334 1884 388 praevios
1896 336 2050 386 videre,
2067 335 2119 377 iis
2136 336 2185 378 de
2202 335 2270 377 via

327 389 400 428 aut
422 386 604 440 priorem
621 386 860 441 ingressum
883 387 1040 437 cedere,
1068 401 1171 429 cano
1197 388 1326 442 capiti
1357 403 1590 445 assurgere,
1622 392 1815 435 omnibus
1832 394 2010 448 denique
2031 409 2108 448 pro
2131 394 2270 449 digni-

326 447 412 486 tate
440 445 641 486 honorem
674 445 832 486 habere
851 448 993 499 queat.
1025 445 1087 488 Ut
1098 447 1187 500 jam
1205 461 1289 488 non
1306 447 1441 489 dicam
1463 449 1511 490 de
1530 450 1685 492 virtute
1706 451 2025 506 hospitalitatis,
2043 454 2270 495 secundum

326 519 453 558 quam
470 518 647 558 peregre
665 504 934 546 advenientes
951 505 1021 560 (ad
1039 505 1260 546 minimum
1272 506 1316 546 in
1333 521 1431 548 casu
1448 509 1728 564 necessitatis)
1743 512 2088 566 consanguineos,
2101 511 2269 560 amicos,

326 562 582 604 necessarios
600 563 790 617 excipere
812 565 994 605 tenetur.
1027 563 1145 605 Haec
1162 564 1303 606 omnia
1321 565 1411 606 sine
1424 567 1752 622 cogitationibus
1781 570 1967 624 expediri
1983 585 2064 612 non
2083 572 2271 625 possunt.

327 621 421 662 XV.
455 620 524 662 An
547 621 688 662 onmia
712 636 839 676 opera
872 637 922 663 ex
952 623 1202 664 necessitate
1229 623 1342 665 facta
1360 625 1540 667 debeant
1558 641 1647 668 esse
1664 628 2021 680 misericordialia,
2038 629 2157 671 nulla
2173 631 2271 670 verb

325 680 612 722 mercenaria?
653 681 770 735 Hesp.
802 680 973 723 Daneus
1006 682 1078 723 lib.
1115 683 1263 737 2.cap.
1291 684 1356 724 10.
1375 687 1482 737 post.
1516 684 1626 739 Neg.
1646 701 1740 727 cum
1758 687 2044 729 distinctione:
2065 695 2271 744 quatenus

326 740 548 789 damnum,
580 739 734 793 inquit,
766 741 912 795 accipit
945 741 1038 794 quis
1075 745 1216 796 potest,
1249 755 1336 784 non
1364 743 1483 798 [pag.
1518 745 1651 800 1268]
1669 754 1875 801 quatenus
1892 761 2061 802 operam
2075 754 2271 802 praestat.

336 799 461 841 Veluti
493 798 828 854 lermacopola
858 808 984 854 potest
997 801 1164 855 justam
1196 801 1481 844 medicamenti
1496 804 1522 844 ὰ
1544 817 1585 845 se
1600 805 1775 846 adhibiti
1786 806 1972 860 pretium
1987 806 2142 862 exiyere
2156 821 2169 857 ,·
2184 819 2272 847 ‘non

326 858 546 899 mercedem
565 857 729 907 laboris,
748 866 793 900 ut
808 859 976 913 reliquis
992 859 1145 901 diebus.
1180 860 1408 902 Advocatas
1427 869 1555 916 potest
1572 863 1735 905 chartae
1751 878 1865 915 suae,
1888 865 1934 906 i„
1950 865 2035 920 qast
2051 865 2270 907 consilium

324 917 501 972 scripsit,
534 917 776 970 simpliciter
793 918 975 972 prelium
992 919 1183 972 accipere,
1207 933 1293 960 rien
1309 933 1456 974 operae
1473 935 1572 963 suae
1588 935 1630 963 eo
1647 923 1724 964 die.
1761 924 1880 976 Quod
1897 924 1934 965 si
1950 923 2149 978 objicitur,
2168 923 2271 979 quid

323 976 489 1018 edemus
521 989 567 1017 ea
600 975 693 1018 die?
714 977 963 1031 respondebo
992 992 1042 1018 ex
1059 977 1192 1020 Levit.
1216 979 1284 1020 25.
1305 980 1372 1019 20.
1392 979 1623 1022 Benedictio
1640 995 1731 1023 v*mea
1742 983 1818 1024 erit
1834 996 1962 1037 saper
1983 991 2018 1025 te
2037 981 2078 1024 «96
2094 990 2128 1024 te
2143 984 2270 1034 alam,

330 1034 402 1077 [tc.
438 1035 648 1091 Pontificii
684 1035 922 1078 Sclzolastici
947 1037 976 1079 &
1007 1037 1219 1080 Casaistae
1234 1038 1425 1092 plerique
1443 1042 1540 1080 ante
1558 1039 1637 1081 hac
1654 1043 1895 1083 statuerunt
1912 1056 2040 1096 opera
2057 1056 2163 1095 quae
2176 1041 2270 1096 jure

326 1094 432 1135 fiunt
453 1093 497 1134 in
529 1094 595 1134 die
630 1094 753 1145 festo,
786 1095 903 1136 reddi
935 1096 1084 1138 illicita
1101 1110 1149 1137 eo
1170 1096 1276 1150 ipso,
1296 1097 1406 1150 quod
1423 1097 1531 1139 fiunt
1548 1102 1761 1152 quaestus,
1784 1101 2001 1151 mercedis,
2021 1104 2094 1141 aut
2111 1100 2270 1154 stipen-

326 1153 383 1193 dii
401 1167 548 1194 causa:
583 1167 677 1194 cum
694 1154 847 1207 quibus
864 1154 1027 1196 faciunt
1044 1171 1095 1197 ex
1111 1156 1266 1198 nostris
1279 1156 1474 1210 practicis
1502 1172 1586 1198 non
1608 1159 1745 1211 pauci.
1778 1159 1844 1200 Ex
1865 1158 2168 1201 recentioribus
2193 1159 2270 1200 Ca-

316 1213 500 1266 jetanas,
534 1211 668 1263 Solus,
704 1213 923 1256 Navarras
955 1215 1213 1256 contrarium
1244 1217 1412 1264 tenent;
1447 1229 1624 1269 quorum
1648 1218 1902 1259 sententiam
1919 1218 2098 1260 Azorius
2111 1217 2272 1272 judicat

324 1270 667 1325 probabiliorem.
699 1271 808 1326 Ego,
826 1275 873 1314 ut
895 1288 1040 1315 verum
1062 1274 1209 1325 fatear,
1230 1288 1325 1314 cum
1343 1274 1387 1315 in
1409 1274 1642 1317 Pontificiis
1666 1277 1863 1318 &nostris
1879 1276 2093 1330 nonnullis
2115 1275 2271 1330 practi-

325 1329 383 1370 cis
401 1329 678 1372 assertionem
699 1330 819 1372 illam
841 1332 940 1387 legi,
973 1348 1190 1387 nunquam
1217 1333 1336 1386 potui
1352 1334 1416 1375 1111
1434 1334 1644 1377 assentiri.
1677 1335 1838 1377 Verum
1861 1336 2030 1390 quidem
2054 1337 2130 1386 est,
2148 1335 2271 1376 abso-

325 1389 413 1430 lute
447 1388 476 1430 85
510 1402 560 1429 ex
593 1388 782 1443 professo
814 1405 896 1431 non
930 1407 1019 1433 esse
1052 1392 1167 1433 lucro
1185 1394 1214 1435 a
1236 1393 1534 1434 sustentationi
1551 1393 1677 1448 hujus
1695 1395 1806 1436 vitae
1823 1397 1914 1436 tum
1930 1394 2270 1445 incumbendum,

326 1447 425 1502 quia
457 1461 530 1488 sex
547 1447 692 1489 diebus
709 1449 788 1490 hoc
806 1450 970 1504 agitur;
995 1451 1066 1492 sed
1099 1451 1175 1492 hoc
1196 1451 1306 1492 nihil
1322 1454 1532 1506 repugnat
1555 1452 1589 1493 si
1611 1453 1686 1494 fiat
1707 1468 1782 1507 per
1799 1453 2060 1496 occasionem
2077 1453 2107 1495 &
2124 1467 2175 1494 ex
2191 1452 2270 1507 hy-

325 1505 493 1560 pothesi
525 1521 645 1548 casus
673 1507 763 1561 jam
793 1508 1035 1552 incidentis:
1071 1524 1196 1564 quem
1231 1513 1278 1551 ut
1311 1510 1391 1551 tibi
1423 1526 1499 1552 nec
1521 1511 1775 1553 desideranti
1796 1527 1872 1554 nec
1890 1511 2108 1567 quaerenti
2125 1511 2271 1566 objicit

326 1564 453 1615 Deus,
487 1565 547 1606 ita
579 1566 609 1607 &
627 1566 871 1620 adjunctum
889 1569 992 1623 ejus,
1027 1569 1210 1610 debitam
1231 1569 1320 1611 scil.
1338 1570 1584 1612 mercedem.
1619 1570 1821 1620 Militum,
1840 1570 2113 1620 Medicorum,
2132 1570 2271 1623 obste-

324 1624 491 1675 tricum,
510 1624 540 1666 St
557 1625 762 1667 similium
785 1627 993 1681 stipendia
1011 1628 1084 1669 illo
1108 1629 1173 1670 die
1192 1643 1323 1682 aeque
1346 1629 1589 1683 procedunt,
1609 1645 1656 1671 ac
1674 1630 1757 1671 alio
1776 1644 2051 1684 quocumque,
2091 1629 2191 1683 quia
2206 1628 2271 1669 illi

324 1686 531 1738 pugnant,
556 1685 752 1726 excubias
765 1689 912 1740 agunt,
931 1686 1097 1728 fodiunt
1115 1703 1123 1737 ς
1158 1687 1230 1728 isti
1265 1691 1459 1743 aegrotos
1482 1688 1655 1730 visitant
1671 1705 1679 1738 3
1698 1689 1779 1730 hae
1797 1688 2131 1743 parturientibus
2147 1702 2269 1742 opem

323 1743 478 1784 ferunt.
512 1743 673 1785 Deinde
684 1743 773 1798 ipse
790 1746 992 1787 Danaeas
1015 1749 1138 1788 antea
1156 1747 1360 1788 concessit
1377 1761 1524 1801 operas
1556 1748 1749 1794 rusticaS,
1782 1748 2058 1802 piscationem
2075 1747 2270 1788 halecum

324 1803 389 1844 &c.
413 1802 524 1855 quod
540 1802 674 1856 grat-is
697 1818 780 1844 non
797 1803 845 1844 fit
863 1806 886 1845 a
903 1804 1089 1856 famulis,
1107 1821 1183 1847 1100
1205 1806 1257 1847 ab
1276 1806 1402 1847 heris.
1438 1805 1630 1848 Breviter
1647 1821 1774 1860 quam
1797 1807 1961 1848 licitum
1985 1809 2048 1848 est
2066 1820 2170 1860 opus
2192 1805 2270 1846 ali-

325 1861 449 1914 quod,
467 1875 593 1914 quam
610 1861 726 1902 licita
743 1863 918 1915 vocatio,
941 1866 1030 1905 tam
1048 1864 1165 1906 licita
1182 1880 1362 1914 merces;
1397 1879 1525 1919 quam
1551 1866 1749 1907 illicitum
1766 1880 1870 1920 opus
1889 1867 1977 1907 tam
1993 1865 2143 1907 illicita
2159 1878 2270 1905 mer-

325 1934 406 1966 ces,
439 1918 553 1960 Dum
584 1919 699 1962 licite
721 1921 770 1962 fit
796 1936 845 1962 ex
878 1923 1096 1965 vocatione
1132 1925 1334 1979 cujusque
1356 1925 1492 1978 &jure
1511 1924 1664 1976 divino,
1698 1939 1857 1966 merces
1875 1925 2071 1966 debetur:
2092 1922 2210 1977 atqui
2226 1922 2270 1963 in

324 1978 398 2020 1110
417 1993 516 2020 casu
537 1979 799 2021 necessitatis
817 1981 877 2022 sic
892 1981 941 2023 fit
958 1984 1005 2023 ut
1027 1983 1122 2024 aliis
1141 1983 1300 2033 diebus,
1319 1998 1396 2025 nec
1412 1984 1452 2024 ul
1460 1983 1524 2024 lus
1545 1983 1606 2024 ibi
1629 1986 1691 2025 est
1712 1986 1928 2038 respectus
1945 1982 2157 2033 sabbathi,
2175 1995 2270 2023 cum

324 2037 552 2080 necessitas
589 2052 673 2079 non
706 2039 816 2080 ferat
847 2040 1009 2095 legem;
1043 2042 1219 2084 debetur
1251 2043 1395 2096 itaque
1427 2057 1586 2084 merces
1608 2057 1691 2084 non
1714 2042 1867 2093 minus,
1886 2043 1958 2083 sed
1973 2041 2115 2096 potius
2131 2040 2270 2096 magis

327 2112 454 2151 quam
476 2096 559 2138 alio
582 2097 661 2148 die,
681 2098 780 2152 quia
796 2098 923 2140 1101110
939 2103 1107 2154 praeter
1124 2101 1364 2156 impensum
1386 2101 1574 2142 laborem
1597 2101 1788 2155 privatur
1803 2101 1849 2141 in
1865 2103 2002 2142 totum
2024 2102 2097 2141 aut
2113 2099 2158 2140 in
2174 2102 2269 2140 tan-

327 2158 417 2197 tum
440 2156 650 2198 exercitiis
668 2157 854 2211 pietatis,
873 2161 999 2213 atque
1017 2159 1136 2201 illam
1155 2161 1415 2202 vacationem
1431 2160 1674 2201 necessitati
1699 2159 1881 2214 proximi
1913 2159 2033 2214 quasi
2051 2157 2269 2212 impendit.

327 2216 533 2271 Denique,
566 2216 878 2258 concionatores
928 2233 1006 2272 pro
1039 2219 1307 2261 concionibus
1340 2219 1518 2273 aliisque
1550 2219 1797 2260 ministeriis
1831 2217 2123 2260 ecclesiasticis
2153 2216 2269 2258 illius

327 2274 422 2325 diei,
442 2276 471 2317 Sc
494 2274 684 2326 lectores,
703 2277 907 2325 cantores,
924 2276 1088 2328 famuli,
1102 2293 1175 2320 seu
1193 2293 1381 2320 cursores
1399 2278 1680 2329 diaconorum,
1698 2277 1862 2320 ostiarii
1879 2292 1952 2318 seu
1969 2276 2139 2325 aeditui,
2157 2290 2270 2316 cam-

326 2332 491 2388 panarii
524 2348 597 2374 seu
633 2334 882 2386 clokatores,
913 2336 994 2390 (uti
1024 2337 1152 2392 vulgo
1179 2338 1428 2392 appellant),
1451 2341 1479 2377 Sc
1497 2337 1570 2391 qui
1586 2337 1747 2383 lumina
1764 2336 2033 2378 concionibus
2049 2333 2270 2376 matutinis

327 2394 401 2434 aut
419 2392 665 2445 vespertinis
684 2394 937 2444 accendunt;
956 2395 1008 2436 ad
1024 2395 1128 2437 haec
1149 2397 1313 2448 medici,
1331 2396 1533 2452 chirurgi,
1545 2395 1883 2450 pharmacopoei,
1901 2396 2069 2446 nautae,
2082 2393 2269 2448 aurigae,

327 2450 472 2504 bajuli,
507 2450 678 2503 milites,
711 2452 862 2507 vigiles
895 2454 925 2495 85
958 2454 1196 2509 quicunque
1214 2470 1362 2510 operas
1379 2457 1597 2509 praestant
1613 2454 1891 2496 communiter
1906 2452 2177 2504 necessarias,
2196 2454 2270 2493 aut

328 2508 566 2563 specialiter
583 2510 635 2551 ad
650 2510 887 2552 ministeria
904 2513 1187 2556 ecclesiastica
1200 2514 1414 2556 ordinatas
1426 2515 1540 2568 juste
1557 2513 1792 2555 mercedem
1810 2512 2032 2567 accipiunt.
2065 2511 2115 2553 [n
2136 2510 2269 2552 omni-

327 2568 405 2609 bus
439 2582 538 2622 ergo
571 2569 767 2623 operibus
786 2572 809 2611 a
828 2571 1026 2612 sabbathi
1045 2573 1185 2626 quiete
1203 2573 1388 2627 exceptis
1407 2572 1714 2623 (ecclesiasticis
1732 2572 1821 2613 scil.
1849 2572 1877 2613 &
1900 2569 2161 2612 necessitatis
2177 2572 2268 2610 tum

329 2627 563 2667 ordinariae
581 2631 672 2668 tum
690 2630 1064 2684 extraordinariae)
1104 2633 1218 2673 valet
1239 2632 1450 2686 generalis
1468 2632 1617 2686 regula
1637 2633 1657 2672 1
1680 2630 1868 2672 Corinth.
1899 2629 1937 2671 9.
1982 2630 2020 2670 7.
2058 2629 2160 2682 Quis
2185 2641 2268 2670 un-

329 2699 456 2740 quam
474 2686 621 2728 militat
636 2689 822 2741 propriis
838 2688 1019 2744 stipendi
1024 2691 1078 2732 is?
1096 2692 1188 2746 quis
1202 2692 1367 2746 plantat
1383 2691 1560 2742 vineam,
1574 2689 1615 2732 ἃ·
1631 2691 1681 2734 de
1696 2690 1837 2744 fractu
1852 2690 1940 2743 eJ'us
1956 2701 2042 2730 non
2059 2687 2159 2729 edit?
2176 2687 2270 2742 quis

325 2745 457 2797 pascit
487 2756 647 2801 meacm
679 2745 713 2788 ἃ
735 2747 783 2788 de
801 2748 899 2790 lacte
914 2750 1002 2803 ejas
1018 2763 1105 2791 ozon
1129 2751 1381 2792 manducat?
1399 2749 1537 2804 Hujus
1559 2749 1792 2791 sententiae
1809 2747 1972 2802 reperio
1994 2746 2122 2788 etiam
2139 2745 2269 2787 fuisse

330 2801 616 2846 Praetissorum
637 2817 958 2856 mammona-012
977 2808 1097 2864 [pag.
1119 2808 1252 2864 1269]
1282 2809 1486 2852 Wilhetm.
1519 2808 1785 2863 Teeltirtyium
1800 2808 1847 2849 in
1865 2807 2088 2861 proleqom.
2111 2804 2168 2846 ad
2189 2805 2268 2847 Ne-

2188 2876 2266 2905 ces-
