2399 3084
265 84 407 128 D1sp.
441 83 536 127 VII.
571 85 1011 128 Pnossmulmum
1044 100 1106 126 ns
1138 83 1372 127 MERITO
1406 85 2066 131 Cnn1s-T1PARSIII.190

133 209 162 250 ὦ
184 207 330 262 positis
347 206 549 261 ponendis
569 207 622 262 (si
644 207 731 249 scil.
752 207 867 261 prius
886 207 1146 261 resipiscant,
1171 207 1405 249 desiderent
1423 209 1618 263 gratiam,
1642 210 1929 264 apprehendat
1946 210 2067 253 Chri-

133 269 245 308 stum
274 268 320 307 ut
342 280 462 307 suum
485 263 749 307 Servatorem
772 268 866 307 actu
889 265 986 306 fidei
1008 266 1163 307 directo
1182 265 1326 307 Mattlz.
1347 267 1414 307 11.
1440 266 1508 308 28.
1526 267 1613 308 Jolz.
1641 268 1676 309 7.
1698 269 1797 320 37.),
1816 270 1844 311 &
1862 269 1920 311 sic
1936 271 2067 312 medi-

132 327 199 366 ate
217 339 264 366 ac
282 326 593 378 consequenter.
633 324 696 365 De
715 339 796 378 quo
814 324 856 364 in
876 324 983 379 disp.
1002 324 1050 365 dc
1069 325 1202 366 Praxi
1218 324 1342 366 Fidei.

190 382 234 427 2.
268 382 345 424 ΠΙ.
381 381 522 425 Probt.
555 382 622 423 An
656 382 846 424 Christus
878 382 1053 423 meritus
1094 383 1149 424 sit
1181 382 1402 433 damnatis,
1435 385 1509 424 ant
1539 385 1714 426 totalem
1731 385 2023 428 liberationem
2042 390 2065 428 a

130 456 277 495 poena,
310 444 383 482 aut
415 440 565 482 saltem
599 441 783 495 aliquam
819 455 976 494 poenae
1013 441 1313 482 remissionem.
1345 442 1461 496 Rcsp.
1481 440 1616 495 Supra
1638 443 1748 484 inter
1764 446 2065 487 controversias

129 499 394 554 principales,
414 499 522 540 hanc
540 501 568 542 81
586 500 754 553 quidem
770 498 918 540 merito
937 499 1273 540 numerabamus.
1298 498 1378 540 Hic
1396 500 1584 541 addimus
1603 502 1711 554 quod
1728 503 1778 542 ad
1796 503 1911 556 prius
1933 518 2064 545 mem-

129 559 265 609 brum,
299 557 574 600 communiter
606 558 774 612 quidem
799 557 946 612 negari
963 559 987 598 a
1007 557 1262 599 Scholasticis
1280 572 1374 599 cum
1398 558 1551 600 leoma
1570 560 1606 600 3.
1626 568 1780 614 quaest.
1805 561 1872 601 52.
1890 562 2004 603 artic.
2024 563 2063 603 4.

128 615 209 658 Sed
241 619 537 672 argumentum
570 617 619 658 de
652 615 861 670 suffragiis
880 630 955 669 pro
978 616 1194 669 quibusvis
1217 616 1408 667 1110111110,
1426 617 1536 670 quod
1554 619 1728 671 opponit
1748 619 1925 670 Medma,
1944 621 1973 662 ἃ
1992 621 2064 662 de-

129 677 297 716 cantata
334 675 510 716 historia
538 690 610 716 seu
628 675 772 716 fabula
790 674 908 730 [pag.
929 674 1035 730 262]
1061 674 1109 715 de
1129 674 1269 715 anima
1286 675 1458 728 Trajani
1477 691 1526 716 ex
1547 675 1710 717 inferno
1733 677 1923 725 liberata,
1948 678 2060 719 diffi-

130 734 330 775 cultatem
352 734 455 788 ipsis
485 734 611 788 parit.
644 732 849 775 Similiter
887 733 996 786 quod
1028 733 1080 774 ad
1107 733 1333 774 secundum
1350 729 1596 781 membrum,
1616 749 1698 775 non
1718 735 1820 776 levis
1838 736 2063 779 difficultas

128 792 232 846 ipsis
266 792 434 847 exurgit
466 807 515 833 ex
547 792 709 834 missali
724 792 893 847 antiquo
917 793 1061 846 (supra
1076 791 1198 832 nobis
1215 791 1304 845 cit.)
1323 792 1395 833 ubi
1412 791 1542 833 Missa
1560 807 1635 846 pro
1652 793 1860 843 defuncto,
1881 795 1929 835 de
1946 796 2062 849 cujus

128 853 241 891 statu
260 851 489 892 dubitatur.
524 849 675 892 Confer
707 865 833 904 supra
860 857 970 904 part.
995 851 1027 891 1.
1062 851 1192 892 thesin
1220 851 1259 891 4.
1283 849 1357 891 IV.
1383 850 1524 893 Probl.
1541 850 1609 892 An
1627 851 1801 893 meritus
1819 853 1873 894 sit
1891 852 2062 894 infanti-

126 909 218 960 bus,
242 909 332 950 sine
362 908 573 962 baptismo
606 908 913 950 discedentibus
933 911 951 950 5³
988 910 1106 963 Bcsp.
1143 908 1332 950 Infantes
1348 909 1417 950 hic
1434 909 1713 964 intelligimus
1731 910 2060 953 foederatorum:

126 966 189 1009 De
223 967 375 1022 quibus
407 969 521 1008 mota
539 967 741 1020 quaestio,
755 967 807 1008 ad
824 967 1124 1009 controversias
1141 967 1392 1021 principales
1411 967 1646 1021 rejicienda.
1681 969 1836 1024 Neqant
1852 970 2064 1027 Pontificit‘

126 1026 401 1067 communiter
424 1040 518 1067 cum
542 1026 697 1068 Thoma
718 1026 774 1067 acl
805 1027 844 1066 3.
879 1033 1030 1080 qaaest.
1066 1026 1133 1066 52.
1167 1026 1281 1067 artic.
1303 1027 1339 1066 7.
1365 1025 1579 1068 Christum
1602 1027 1764 1081 aliquos
1785 1027 1968 1070 infantes
1984 1029 2060 1070 sub

125 1083 222 1126 Vet.
256 1084 370 1126 Test.
403 1099 497 1125 cum
531 1087 701 1138 peccato
724 1084 920 1139 originali
941 1087 1126 1125 mortuos
1144 1099 1194 1124 ex
1210 1084 1374 1125 inferno
1392 1084 1605 1126 liberasse.
1636 1085 1771 1127 Hodie
1788 1087 2063 1128 communiter

126 1142 212 1184 fere
229 1143 384 1185 omissa
400 1142 544 1184 fabula
561 1143 610 1184 de
627 1142 757 1184 limbo
774 1142 998 1193 infantum,
1016 1157 1158 1184 omnes
1176 1143 1379 1196 ejusmodi
1395 1142 1576 1184 infantes
1600 1144 1779 1185 aeternis
1797 1144 1951 1185 inferni
1968 1161 2061 1186 cru-

125 1201 303 1243 ciatibus
322 1201 573 1255 adjudicant,
598 1203 627 1244 &
642 1201 742 1242 huic
757 1201 944 1255 opinioni
962 1201 1298 1254 subscripserunt
1320 1203 1416 1242 ante
1433 1216 1587 1255 paucos
1605 1217 1734 1244 annos
1753 1202 1960 1258 Theologi
1981 1203 2059 1245 Lo-

126 1259 344 1301 vanienses
377 1264 405 1299 81
435 1259 636 1311 Duaceni,
669 1259 732 1301 uti
748 1259 878 1300 refert
895 1259 1063 1300 libellus
1080 1259 1252 1300 Lovanii
1275 1274 1384 1301 anno
1406 1260 1530 1301 1641.
1551 1260 1685 1302 editus
1707 1261 1772 1302 tit.
1796 1262 2062 1314 Querimoaia

125 1317 266 1360 Jacobi
290 1318 432 1373 Zeqcri
456 1317 528 1360 856.
560 1332 657 1373 pay.
690 1318 759 1363 61,
791 1316 872 1359 Sed
904 1317 1008 1358 haec
1039 1317 1179 1372 opinio
1211 1318 1314 1359 alibi
1336 1318 1593 1360 excutienda.
1627 1318 1792 1361 Sufficit
1807 1320 1876 1361 1110
1893 1323 2062 1374 propter

128 1376 382 1418 affinitatem
413 1377 614 1418 materiae
646 1376 863 1417 indicasse.
897 1375 1073 1417 Interim
1104 1376 1324 1418 videantur
1359 1377 1652 1431 Amaqonistae
1674 1378 1999 1434 Pontificioram,
2017 1380 2062 1420 in

131 1435 455 1490 quaestionibus,
474 1436 522 1477 dc
543 1435 698 1486 Limbo,
717 1436 765 1477 cle
781 1436 989 1489 Baptismz'
1006 1436 1246 1477 necessitate.
1270 1435 1324 1477 V.
1354 1435 1492 1477 Probl.
1515 1434 1584 1476 An
1607 1435 1798 1478 Christus
1816 1437 1988 1478 meritus
2007 1438 2061 1478 sit

128 1492 336 1548 Angelis?
370 1495 489 1548 Rcsp.
525 1495 562 1535 1.
589 1495 720 1536 Concl.
745 1493 809 1535 De
826 1493 1004 1547 Angelis
1022 1494 1145 1535 malis
1162 1493 1287 1535 hodie
1306 1494 1433 1549 (quod
1465 1494 1610 1548 sciam)
1629 1495 1746 1536 nulla
1768 1497 1830 1536 est
1848 1496 2058 1549 quaestio:

125 1553 153 1594 &
181 1567 308 1606 supra
345 1552 566 1606 rejecimus
599 1555 816 1594 aeternum
833 1553 937 1593 illud
953 1552 1238 1607 Euangelium
1255 1551 1449 1607 Origenis
1468 1553 1690 1608 (siquidem
1706 1553 1810 1595 haec
1826 1553 1955 1595 fuerit
1973 1555 2059 1608 ejus

125 1611 350 1665 sententia)
385 1611 563 1652 diabolis
595 1612 624 1653 St
656 1611 863 1652 damnatis
895 1613 988 1664 post
1026 1611 1135 1652 diem
1158 1611 1304 1665 judicii
1341 1611 1664 1665 praedicandum
1697 1613 1958 1654 adsalutem.
1992 1612 2059 1654 Ad

128 1669 414 1722 quaestionem
436 1684 563 1723 quam
596 1669 665 1711 hic
696 1672 864 1711 movent
885 1669 1122 1712 Sclzolastici
1152 1670 1207 1711 acl
1226 1670 1262 1711 1.
1281 1685 1349 1725 qa.
1375 1669 1442 1711 65.
1461 1678 1538 1712 art.
1564 1671 1602 1710 2.
1627 1685 1698 1712 cur
1714 1670 1828 1712 Deus
1845 1673 2010 1725 tempus
2029 1673 2057 1714 &

124 1727 332 1769 auxilium
349 1728 401 1768 ad
417 1728 717 1782 poenitentiam
736 1743 818 1769 non
837 1728 1098 1779 concesserit,
1116 1730 1209 1769 tuto
1232 1728 1261 1769 a
1280 1728 1409 1769 solide
1426 1729 1667 1782 responderi
1685 1744 1912 1780 censemus,
1947 1729 2056 1778 Quia

123 1799 206 1826 non
222 1786 376 1827 voluit:
396 1786 458 1827 uti
475 1786 712 1841 colligimus
730 1801 779 1827 ex
797 1789 991 1840 suprema
1011 1788 1039 1828 &
1062 1787 1255 1827 absoluta
1271 1787 1480 1837 libertate,
1499 1789 1720 1840 potestate,
1751 1788 1934 1829 dominio
1952 1788 2052 1836 Dei;

123 1858 229 1897 quae
261 1844 444 1885 inculcat
478 1843 704 1898 Apostolus
736 1846 852 1888 Rom.
878 1845 919 1885 9.
936 1858 970 1885 υ.
992 1845 1058 1885 18.
1078 1845 1147 1887 20.
1165 1846 1194 1886 &
1216 1845 1281 1885 11.
1308 1859 1343 1886 υ.
1363 1845 1432 1887 35.
1451 1846 1554 1899 Eph.
1579 1845 1613 1886 1.
1633 1860 1668 1887 υ.
1693 1846 1760 1886 11.
1778 1846 1835 1887 Et
1857 1845 2055 1887 Servator

124 1902 266 1944 Mattlt.
307 1902 372 1943 11.
405 1916 508 1944 vers.
533 1903 602 1944 27.
620 1901 735 1944 Haec
752 1903 990 1944 indubitata
1011 1903 1220 1944 axiomata
1237 1903 1364 1944 etiam
1381 1903 1555 1953 ratione,
1576 1905 1603 1946 81
1623 1919 1672 1944 ex
1694 1904 1852 1945 lumine
1870 1905 2056 1945 naturali

123 1962 266 2001 contra
297 1976 440 2002 omnes
477 1961 735 2002 adversarios
767 1960 869 2002 satis
902 1976 1109 2015 superque
1146 1961 1311 2002 delendi
1343 1964 1530 2015 possunt.
1549 1961 1773 2003 Rationem
1791 1962 2056 2010 discriminis,

129 2019 306 2061 Thomas
335 2021 405 2061 loc.
438 2020 502 2061 cit.
536 2034 630 2060 cum
667 2019 917 2074 sequacibus
949 2020 1034 2061 suis
1051 2020 1159 2061 hanc
1177 2020 1379 2070 obtendit,
1398 2020 1509 2073 quod
1525 2019 1715 2075 Angelus
1738 2023 1812 2062 sua
1829 2022 2055 2062 0011111110-

122 2077 319 2119 flexibilis
344 2078 399 2119 sit
430 2080 459 2120 81
490 2078 570 2119 11Χο
594 2093 640 2119 ac
657 2078 930 2119 immobiliter
947 2078 1172 2119 adhaereat
1191 2078 1240 2128 ei,
1259 2078 1367 2132 quod
1386 2078 1513 2119 semel
1531 2079 1673 2133 elegit,
1692 2079 1752 2120 ita
1770 2082 1815 2120 ut
1833 2079 1979 2120 electio
2004 2080 2055 2120 ab

121 2136 194 2177 illo
212 2136 341 2177 semel
358 2136 470 2177 facta
487 2136 643 2177 mutari
655 2151 737 2178 non
759 2137 913 2191 possit:
934 2137 1049 2190 cujus
1067 2137 1174 2177 ratio
1192 2137 1260 2187 sit,
1283 2137 1390 2189 quod
1411 2137 1602 2178 voluntas
1624 2140 1842 2179 moveatur
1860 2138 1911 2178 ab
1931 2138 2055 2179 intel-

123 2194 234 2235 lectu
252 2209 324 2235 seu
341 2194 497 2248 judicio
514 2195 696 2248 practico
715 2211 724 2244 3
753 2195 871 2249 atqui
884 2195 1086 2249 judicium
1105 2194 1262 2249 Angeli
1283 2210 1495 2249 nunquam
1513 2195 1669 2236 mutari
1687 2198 1825 2250 potest
1848 2198 1928 2251 (est
1946 2196 2057 2237 enim

122 2252 211 2293 sine
233 2252 450 2304 discursu),
469 2267 568 2307 ergo
585 2268 659 2295 1100
677 2254 823 2295 electio
840 2254 1080 2294 voluntatis.
1115 2253 1196 2294 Sed
1214 2255 1286 2295 has
1308 2254 1417 2294 male
1440 2256 1633 2295 consutas
1657 2255 1972 2308 consequentias
1991 2270 2055 2296 re-

122 2310 263 2351 futant
280 2311 435 2361 Scotas,
458 2312 708 2363 Darandas,
728 2313 1036 2363 Bonavcntara,
1059 2313 1288 2355 Richardas
1309 2311 1381 2353 «stc.
1410 2311 1466 2352 Et
1485 2327 1534 2353 ex
1551 2313 1850 2354 recentioribus
1867 2314 2056 2355 Becanas

120 2376 227 2422 part.
263 2369 301 2410 1.
330 2369 364 2411 T
362 2369 462 2410 lzeol.
498 2369 628 2411 Schol.
660 2378 755 2411 tom.
787 2371 824 2411 1.
845 2378 956 2412 tract.
979 2372 1016 2411 3.
1040 2385 1070 2412 0.
1091 2371 1130 2412 4.
1149 2385 1217 2426 qa.
1240 2372 1305 2411 12.
1340 2369 1563 2411 Rationem
1582 2371 1709 2412 aliam
1726 2371 2056 2412 comminiscitur

121 2427 353 2477 Salvam-on,
386 2426 504 2475 Quod
533 2427 648 2468 Deus
684 2428 754 2469 diu
785 2428 1027 2470 invitaverit
1055 2428 1241 2483 Angelos
1263 2429 1402 2483 lapsos
1421 2429 1472 2469 ad
1492 2429 1807 2482 poenitentiam,
1831 2432 2056 2483 antequam

121 2500 190 2526 eos
224 2487 245 2526 e
278 2486 392 2527 coelo
415 2486 595 2539 ejiceret.
629 2484 710 2527 Sed
742 2502 834 2528 eam
871 2487 1021 2528 merito
1052 2487 1188 2541 rejicit
1218 2488 1397 2541 ΑΠ’-111911
1414 2488 1548 2541 clispp.
1567 2488 1611 2528 in
1637 2489 1673 2529 1.
1700 2488 1877 2530 leomae
1899 2495 1994 2529 tom.
2014 2489 2052 2528 2.

121 2543 229 2598 disp.
266 2544 335 2584 25.
358 2551 447 2585 sect.
470 2544 506 2584 1.
529 2543 586 2584 Ε1
605 2545 780 2586 Zaarcz.
799 2545 844 2586 in
867 2553 980 2587 tract.
1000 2546 1049 2587 cle
1063 2546 1227 2600 Amyclis
1251 2546 1300 2587 ib.
1319 2547 1382 2587 cit.
1402 2545 1489 2586 Alii
1507 2560 1556 2586 ex
1574 2546 1709 2586 tribus
1731 2545 1797 2586 his
1815 2546 1932 2599 ajunt
1950 2561 2052 2587 con—

122 2601 189 2642 fici
207 2616 334 2643 unam
356 2602 574 2652 rationem,
607 2602 696 2643 scil.
715 2617 765 2644 ex
791 2603 1038 2645 brevissima
1056 2607 1171 2645 mora
1189 2604 1281 2645 viae
1299 2603 1547 2658 Angelicae3
1567 2618 1616 2644 ex
1633 2603 1774 2656 aliqua
1791 2604 2051 2653 difficultate,

120 2659 164 2700 in
191 2674 240 2701 eo
276 2660 386 2714 quod
419 2660 680 2714 resipiscant,
713 2661 742 2702 &
775 2675 824 2702 ex
851 2675 899 2702 eo
927 2663 1036 2715 quod
1059 2662 1173 2703 Deus
1210 2677 1291 2703 non
1309 2663 1421 2703 dedit
1436 2661 1537 2715 ipsis
1561 2662 1753 2703 uberiora
1770 2662 1938 2703 auxilia.
1973 2661 2053 2703 Sed

120 2716 303 2772 Arriaga
321 2718 398 2760 loc.
416 2718 485 2759 cit.
505 2719 554 2759 de
575 2718 642 2759 his
663 2718 833 2772 judicat,
853 2719 970 2774 [pag.
990 2720 1096 2775 263]
1121 2721 1230 2774 quod
1246 2720 1289 2760 in
1311 2720 1389 2761 hoc
1405 2722 1558 2773 puncto
1576 2735 1618 2761 se
1636 2734 1715 2761 non
1741 2720 1842 2761 satis
1860 2721 2053 2762 determi-

120 2777 234 2827 nent,
252 2777 281 2818 &
302 2776 420 2818 valde
437 2776 610 2818 obscure
628 2777 868 2831 loquantur.
892 2776 1003 2819 Hinc
1019 2778 1107 2831 ipse
1124 2778 1183 2819 sic
1199 2778 1428 2819 concludit:
1450 2778 1592 2820 illelius
1608 2792 1701 2833 erqo
1718 2779 1897 2822 absolate
1914 2779 1958 2820 in
1973 2779 2055 2822 Dei

1986 2850 2053 2878 vo-
