2399 3084
296 118 437 161 Dlsr.
470 118 590 162 VIII.
622 120 695 162 DE
727 120 968 163 Pansom
1001 121 1220 164 01131311
1255 122 1607 166 MEDIATORIS.
1641 124 1776 166 PARS
1809 125 1843 168 I.
1962 128 2045 168 235

111 241 153 281 111
186 241 439 294 praemissis.
473 243 671 294 Secmzdo,
706 258 814 298 nego
837 244 1056 287 minorem.
1089 245 1146 286 Et
1162 246 1367 287 rationem
1390 247 1627 301 negationis
1644 248 1751 289 hanc
1770 248 1925 300 adfero,
1949 250 2047 304 quia

110 301 202 340 tum
220 302 462 353 sequeretur
480 300 694 342 Christum
712 303 788 343 sub
806 303 879 343 illo
894 303 1063 344 formali
1081 318 1163 357 qua
1180 304 1408 355 hominem,
1426 306 1455 347 81
1473 320 1555 359 (1113
1573 306 1879 349 misericordiae
1895 308 2046 349 huma-

112 372 189 398 nae
222 359 374 399 affectu
406 359 642 412 praeditum
670 361 699 401 81
724 376 807 414 qua
830 364 1016 402 nostram
1039 362 1252 403 miseriam
1275 363 1419 404 eodem
1443 364 1594 405 aflectu
1613 365 1818 418 exquisite
1837 367 2045 420 persenti-

113 419 310 467 scentem,
343 417 600 459 adorandum
634 434 723 460 esse
740 435 748 468 3
783 420 860 461 hoc
892 423 969 471 est,
1011 421 1219 474 objectum
1244 421 1420 462 formale
1438 422 1690 464 adorationis
1713 438 1801 465 6336
1819 424 2048 466 humanam

112 475 429 531 naturam,imo
447 477 476 518 81
494 477 724 518 accidentia
741 479 946 532 quaedam
964 493 1037 519 seu
1054 479 1259 519 humanas
1277 480 1490 533 passiones
1508 481 1715 523 humanae
1733 485 1907 524 naturae
1926 483 2046 524 Chri-

112 533 180 584 sti,
213 549 316 587 quas
348 536 394 575 ut
425 535 533 575 tales
566 536 806 578 adoratione
839 537 1026 591 reliqiosa
1063 538 1343 580 sollicitamus.
1377 538 1493 579 Haec
1529 543 1602 580 aut
1638 540 1793 581 similia
1825 542 2047 583 admittere

112 592 289 646 cogitur,
308 594 337 634 &
353 593 456 633 satis
474 594 696 635 admittere
713 595 908 636 videntur
927 595 1052 636 verba
1069 597 1333 649 opponentis,
1352 611 1458 650 quae
1475 597 1630 638 ibidem
1643 599 1934 652 subjiciuntur.
1959 600 2047 641 Nos

111 653 306 702 κκινοφωνὶ
317 665 356 694 κς
375 651 404 692 81
421 650 676 699 ἁκυρολογὶκς
694 653 736 693 111
757 654 937 706 preculis
957 652 1274 695 pontificiorum
1289 656 1341 695 ad
1360 656 1511 696 vulnus
1524 656 1659 697 dextri
1678 657 1806 710 pedis,
1827 659 1878 698 ad
1895 659 2046 700 vulnus

113 708 272 748 sinistri
295 709 427 762 pedis,
456 711 507 750 ad
534 711 685 751 vulnus
708 712 865 762 lateris,
889 713 941 753 ad
959 713 1121 754 dolores
1140 715 1168 755 ἃ
1186 728 1363 768 angores
1381 713 1537 755 Christi
1555 715 1656 768 ipsis
1674 715 1962 769 relinquimus,
1981 717 2046 759 810.

301 836 417 899 ΒΕ
460 837 868 901 ΡΕ113οΝΑ.
911 839 1262 903 01131311
1300 800 1866 906 MEDIA'roffls

885 954 994 985 PARS
1018 954 1224 988 SECUNDA.
1251 955 1280 996 1)

173 1062 213 1106 1.
248 1061 389 1115 Atque
423 1061 627 1103 hactenus
660 1077 834 1103 examen
852 1063 1036 1117 quinque
1055 1064 1335 1118 objectionum
1354 1068 1498 1105 contra
1515 1065 1656 1106 thesin
1673 1068 1882 1107 nostram:
1902 1081 1952 1108 ex
1969 1081 2050 1121 quo

112 1124 302 1162 constare
331 1120 516 1173 potuerit
539 1121 789 1162 alterutrum
809 1136 953 1162 verum
971 1137 1060 1163 esse
1084 1126 1156 1163 aut
1178 1123 1285 1163 1111111
1302 1124 1416 1164 31111(1
1434 1124 1627 1174 obtineri,
1646 1127 1771 1177 prout
1792 1126 1966 1166 subinde
1985 1141 2051 1166 ex-

112 1183 220 1221 serte
239 1179 352 1220 aliud
373 1178 480 1218 nihil
497 1179 688 1220 concludi
706 1180 812 1220 mihi
835 1180 1012 1231 videtur,
1033 1196 1159 1234 quam
1178 1182 1286 1234 quod
1303 1196 1377 1222 nos
1397 1185 1557 1223 exserte
1576 1183 1751 1223 subinde
1774 1184 2049 1235 concedimus,

111 1239 158 1275 τὸ
193 1238 303 1292 quod
329 1239 401 1277 aut
430 1238 553 1290 quale
571 1238 781 1291 objectum
804 1239 1074 1286 adorandum,
1099 1240 1127 1280 81
1145 1237 1191 1276 τὸ
1211 1241 1310 1294 qaia
1327 1240 1581 1281 adorationis
1599 1242 1727 1295 (quod
1744 1256 1837 1281 cum
1855 1255 1937 1297 qua
1954 1256 2052 1282 cono

113 1296 322 1349 funditur)
356 1310 438 1335 non
470 1310 567 1337 vero
599 1295 644 1333 τὲ
680 1310 764 1352 qua
796 1297 975 1350 proprie,
1000 1297 1029 1338 81
1061 1313 1111 1338 ex
1142 1313 1219 1338 usu
1238 1298 1490 1349 scholarum,
1516 1299 1635 1354 [pag.
1656 1299 1761 1353 314]
1781 1314 1827 1340 ac
1845 1314 1895 1340 ex
1912 1303 2051 1341 mente

114 1356 463 1397 heterodoxorum
491 1358 706 1409 acceptum
722 1370 729 1395 :
750 1358 822 1396 aut
846 1356 1051 1408 siquidem
1068 1356 1212 1397 invitis
1231 1357 1479 1398 adversariis
1499 1357 1765 1398 heterodoxis
1784 1359 1813 1399 81
1830 1373 1908 1398 11311
1926 1361 2052 1411 atque

113 1413 352 1467 acceptione
370 1412 659 1464 terminorum,
684 1428 731 1454 ac
749 1416 863 1455 statu
881 1415 1186 1456 controversiae
1210 1416 1261 1456 ab
1279 1416 1381 1469 ipsis
1398 1415 1662 1456 heterodoxis
1682 1416 1768 1468 (qui
1785 1416 1911 1469 primi
1929 1417 1957 1458 81
1975 1416 2053 1456 3011

114 1488 205 1514 63111
229 1471 465 1526 moverunt)
484 1473 725 1522 constitute,
744 1471 789 1509 τὸ
809 1486 893 1528 qua
910 1473 1212 1526 reduplicativo
1230 1489 1305 1527 pro
1324 1488 1407 1529 qua
1420 1474 1683 1530 specificalz'vo
1695 1474 1764 1515 hic
1774 1474 1838 1514 uti
1851 1477 1923 1514 aut
1935 1475 2053 1515 abuti

114 1532 256 1581 libeat,
286 1532 315 1573 ἃ
342 1527 387 1566 τὲ
418 1530 692 1583 fundamento
712 1532 863 1585 primo,
889 1532 997 1584 quod
1015 1532 1182 1586 proprie
1200 1531 1349 1573 fundat
1367 1533 1527 1574 cultum
1545 1532 1805 1587 religiosum,
1823 1547 1895 1573 seu
1912 1537 1967 1582 τῷ
1982 1533 2051 1573 ob-

105 1591 208 1644 jecto
239 1590 422 1646 formali,
451 1589 480 1630 81
499 1591 651 1642 primo,
670 1590 699 1631 81
717 1590 986 1639 τεννηὶἠαιὶυο,
1010 1605 1086 1644 pro
1104 1591 1249 1645 objecto
1267 1591 1485 1641 materiali,
1505 1594 1577 1631 aut
1594 1591 1756 1641 «ηιοῑίυο,
1777 1594 1850 1631 aut
1868 1592 2051 1632 conside-

114 1649 302 1698 rationis,
336 1647 445 1701 quod
477 1648 644 1702 proprie
675 1651 841 1689 tantum
870 1651 932 1689 est
948 1649 1132 1689 medium
1151 1651 1180 1691 81
1197 1650 1303 1690 ratio
1320 1650 1591 1699 adorationis,
1611 1653 1683 1690 aut
1700 1650 1811 1702 quod
1828 1650 2007 1690 occurrit
2023 1651 2053 1692 &

115 1707 361 1747 obversatur
393 1705 714 1747 considerationi
745 1710 912 1747 nostrae
944 1707 1041 1747 dum
1075 1722 1169 1748 eum
1193 1708 1436 1755 adoran1us;
1461 1708 1606 1761 utique
1632 1708 1738 1748 nihil
1766 1708 1873 1748 ultra
1892 1710 1915 1748 a
1932 1708 2052 1748 nobis

115 1765 260 1819 reponi
292 1779 459 1806 necesse
488 1777 589 1816 esse,
608 1780 733 1819 quam
757 1764 926 1806 unicum
953 1765 1070 1816 illud,
1090 1765 1180 1813 ὅπερ
1196 1765 1261 1804 οἰκ
1276 1765 1347 1803 ἔδει
1362 1766 1502 1816 δεῑξκις
1523 1768 1551 1808 81
1568 1768 1869 1819 consequenter
1891 1780 2052 1807 merum

115 1838 204 1864 esse
217 1823 471 1876 colloquium
493 1822 804 1872 ἁπρεσδιὲνυσον,
825 1823 859 1863 31
881 1822 1136 1873 800111131103,
1156 1824 1185 1865 81
1208 1824 1568 1875 Remonstrantes,
1587 1825 1616 1866 81
1633 1839 1727 1865 cum
1744 1824 1795 1864 iis
1814 1825 2051 1878 disceptan-

114 1885 178 1923 tes
195 1881 454 1923 Maccovium
472 1883 658 1936 aliosque
676 1882 927 1923 orthodoxos
950 1884 1122 1935 spectes.

175 1938 220 1984 2.
257 1940 460 1994 Exceptio
482 1942 534 1983 ad
560 1943 856 1994 argumentum
880 1943 1070 1981 nostrum
1087 1941 1229 1982 ordine
1248 1944 1458 1994 quartum,
1477 1941 1533 1982 sic
1551 1940 1774 1982 refutatur.
1807 1941 2050 1995 Argumen-

114 2001 205 2040 tum
237 2001 427 2040 nostrum
459 2003 548 2041 erat
579 2000 681 2040 tale:
715 1998 796 2048 Qui
818 2013 900 2052 qua
921 1999 1126 2039 mediator
1146 2014 1228 2039 non
1247 2002 1308 2040 est
1325 2000 1501 2040 formale
1523 2000 1733 2053 objectum
1750 1999 1860 2050 fidei,
1879 2000 1950 2040 ille
1969 2014 2051 2052 qua

114 2058 319 2098 mediator
350 2072 433 2099 non
466 2061 528 2100 est
560 2058 807 2098 adorandus.
842 2056 922 2098 Sed
951 2058 1016 2099 &c.
1051 2057 1172 2098 Prob.
1192 2058 1340 2099 minor.
1375 2058 1455 2106 Qui
1472 2072 1554 2098 11011
1573 2060 1635 2098 est
1652 2057 1835 2111 primum
1852 2057 2051 2107 efficiens,

117 2117 181 2158 810.
237 2117 308 2157 sed
344 2130 468 2158 causa
500 2117 673 2158 inferior
705 2116 1038 2157 instrumentalis
1071 2116 1136 2157 810.
1169 2116 1241 2157 1116
1272 2131 1354 2170 qua
1392 2117 1596 2157 mediator
1632 2130 1715 2156 non
1747 2119 1810 2157 est
1842 2116 2051 2169 objectum

118 2174 226 2215 fidei.
262 2173 342 2215 Sed
369 2174 560 2216 Christus
577 2189 659 2228 qua
676 2175 880 2215 mediator
897 2176 962 2217 810.
996 2174 1123 2229 Ergo.
1161 2174 1463 2228 Respondetur,
1482 2189 1555 2216 seu
1573 2175 1790 2228 excipitur,
1814 2173 2054 2228 argumenti

117 2233 245 2286 hujus
262 2247 410 2273 nervos
428 2234 579 2275 incisos
603 2248 653 2273 ex
671 2233 750 2273 hac
767 2233 1003 2287 hypothesi,
1023 2234 1131 2285 quod
1150 2233 1193 2273 in
1211 2234 1378 2274 Christo
1398 2234 1624 2274 mediatore
1641 2233 1917 2286 personaliter
1935 2232 2053 2272 unita

120 2291 174 2332 sit
195 2305 344 2332 causae
362 2291 552 2332 inferiori
573 2291 887 2332 instrumentali
903 2306 1027 2332 causa
1050 2292 1186 2345 prima
1198 2292 1226 2333 &
1239 2292 1496 2346 principalis,
1510 2291 1873 2332 instrumentalem
1887 2291 2052 2331 elevans

120 2363 167 2390 ac
196 2349 427 2403 perficiens,
462 2365 508 2390 ac
540 2364 614 2403 per
644 2350 763 2389 illam
780 2350 858 2390 hoc
875 2364 1018 2404 agens.
1052 2350 1158 2398 Quid
1177 2351 1286 2403 quod
1304 2350 1493 2391 Christus
1513 2364 1601 2390 esse
1623 2349 1769 2402 nequit
1787 2349 1960 2389 collator
1978 2349 2052 2389 bo-

119 2422 271 2448 norum
304 2407 588 2461 spiritualium
620 2422 694 2461 per
727 2408 1052 2449 instrumentum
1079 2408 1183 2448 illud
1206 2409 1315 2461 quod
1332 2409 1375 2448 in
1392 2411 1466 2449 sua
1483 2410 1659 2462 persona
1676 2410 1828 2461 gestat,
1847 2421 1920 2460 per
1943 2407 2054 2460 quod

119 2466 163 2506 in
195 2466 340 2507 diebus
368 2466 503 2507 carnis
536 2481 634 2506 suae
667 2468 863 2519 operatus
889 2469 951 2507 est
973 2467 1268 2520 purgationem
1291 2469 1567 2520 peccatorum.
1601 2465 1712 2506 Huic
1734 2465 1967 2518 exceptioni
1994 2465 2052 2505 sic

120 2525 388 2565 occurrimus.
423 2525 581 2574 Primo,
607 2523 714 2564 Tota
742 2524 955 2577 responsio
978 2527 1041 2565 est
1063 2524 1363 2572 ἁπροσδίὸνυσες
1381 2525 1410 2566 81
1429 2527 1546 2565 extra
1563 2523 1776 2564 terminos.
1810 2523 1903 2577 Ego
1925 2536 2051 2577 argu-

121 2585 331 2623 mentatus
365 2597 457 2624 sum
492 2579 550 2623 de*
564 2582 729 2623 Christo
751 2596 834 2637 qua
856 2583 1100 2623 mediatore:
1124 2582 1190 2622 hic
1207 2597 1304 2622 vero
1322 2583 1594 2635 respondetur
1613 2583 1695 2634 qua
1712 2581 1894 2631 homine,
1913 2596 1986 2622 seu
2004 2582 2053 2621 de

121 2640 305 2681 humana
322 2644 472 2682 natura
489 2640 658 2682 Christi.
682 2640 796 2694 Ergo
813 2640 855 2680 in
873 2641 1063 2681 terminis
1081 2642 1110 2682 ἃ
1127 2641 1169 2680 111
1187 2640 1322 2680 forma
1340 2640 1446 2680 nihil
1467 2640 1751 2693 respondetur.
1774 2638 1934 2692 Repeto
1953 2653 2052 2692 ergo

122 2700 151 2741 &
173 2699 327 2753 replico
350 2702 647 2754 argumentum
670 2713 809 2740 meum
828 2699 938 2752 quod
963 2699 999 2739 1.
1014 2706 1124 2752 parc.
1143 2699 1248 2752 disp.
1268 2698 1469 2752 llzeoloqic.
1487 2711 1581 2752 paq.
1601 2698 1698 2739 529.
1718 2698 1937 2751 proposui:
1971 2697 2054 2746 Qui

1064 2757 1116 2797 15
1971 2770 2053 2796 non

168 2879 195 2921 ¹)
219 2880 316 2922 Resp.
341 2881 458 2913 PETRO
482 2879 620 2911 COORNE
644 2879 774 2910 Zeland.
801 2879 853 2911 Aa
878 2879 972 2911 diem
997 2879 1050 2911 27.
1079 2879 1236 2910 Novemb.
1262 2878 1359 2911 1647.
