2399 3084
267 112 349 154 188
414 103 1171 153 D1sr.V11,PR0121.nmArrum
1203 122 1266 150 DE
1297 107 1532 153 MERITO
1566 110 1816 154 Onnls'm
1849 110 2000 154 PARS
2031 112 2087 156 II.

261 234 389 275 etiam
420 232 609 286 plerique
642 228 850 289 Theologi
868 233 1099 285 reformati,
1119 249 1168 275 ex
1185 235 1282 276 Lite.
1303 233 1370 276 24.
1391 235 1459 277 26.
1479 234 1639 289 Philip.
1657 235 1696 276 2.
1724 235 1761 276 7.
1779 235 1901 278 Hebr.
1921 236 1960 277 9.
1983 237 2050 278 11.
2070 250 2204 292 usqae

261 292 327 333 24.
349 290 549 339 Quamvis
573 289 771 333 Patribus
794 297 821 332 81
838 292 1085 344 Pontificiis,
1109 292 1237 334 etiam
1260 293 1354 335 aliis
1377 293 1514 335 simile
1531 294 1633 348 quid
1649 293 1863 336 exciderit.
1899 293 2005 336 Vide
2027 295 2205 351 Altinyii

256 350 497 405 problemat.
527 356 637 402 part.
673 349 711 391 1.
735 351 869 404 probi.
902 352 970 393 41.
1004 350 1085 393 Sed
1107 351 1216 393 forte
1233 352 1293 392 ita
1311 352 1544 406 loquentes,
1564 352 1599 393 si
1620 367 1703 394 non
1722 367 1865 394 omnes
1889 354 2039 394 saltem
2057 353 2202 408 aliqui,

259 408 472 450 conciliari
504 409 688 460 possent,
721 412 795 450 aut
826 410 977 451 saltem
1010 410 1164 465 corrigi
1197 411 1409 462 deberent,
1443 411 1711 453 distinctione
1741 411 1829 463 illa,
1863 427 1990 466 quam
2025 413 2202 455 Thomas

258 466 436 522 quodlib.
461 467 500 507 2.
523 466 638 507 artie.
657 467 695 508 2.
715 468 744 510 81
761 483 855 509 cum
873 484 921 510 eo
939 469 1190 510 recentiores
1209 469 1411 510 adhibent
1429 471 1557 525 (apud
1585 470 1810 512 Valentiam
1827 471 1882 512 ad
1899 472 1937 512 3.
1957 479 2110 526 quaest.
2132 472 2200 514 22.

253 533 407 580 puncto
444 526 479 565 1.
524 525 702 580 Vasqnez
734 527 841 582 disp.
879 529 945 569 12.
973 542 1062 582 cap.
1083 529 1121 569 2.
1142 542 1259 570 nain.
1282 529 1347 569 12.
1368 529 1581 571 Becanmn
1598 529 1644 570 in
1669 529 1800 571 Theoi.
1819 529 2014 571 Scliolast.
2030 538 2140 584 part.
2161 532 2201 572 3.

257 592 374 627 tract.
411 584 447 624 1.
480 597 567 637 cap.
596 583 662 625 14.
696 594 852 640 quaest.
871 586 928 640 3.)
947 586 1058 627 inter
1074 587 1285 627 infinitum
1306 587 1491 628 valorem
1509 603 1583 629 seu
1604 587 1869 642 dignitatem,
1888 589 1917 630 81
1934 588 2043 629 inter
2062 589 2201 630 infini-

255 645 345 683 tum
377 642 593 683 meritum:
627 657 805 696 quorum
836 645 942 686 illud
958 645 1228 687 tribuendum
1250 645 1305 686 sit
1322 645 1501 700 singulis
1525 645 1682 688 Christi
1705 646 1963 696 actionibus3
1986 647 2099 688 istud
2115 662 2198 689 non

254 701 336 742 nisi
357 701 551 742 omnibus
569 701 805 744 actionibus
836 704 963 745 simul
982 705 1131 745 sumtis
1151 706 1179 747 81
1196 719 1271 758 per
1288 705 1571 746 voluntariam
1588 705 1720 759 ipsius
1739 707 1918 746 mortem
1936 720 2198 748 consumma-

253 760 321 810 tis,
355 775 405 801 ex
432 759 583 802 delean.
622 760 686 802 12.
707 762 776 803 24.
796 763 865 804 32.
881 763 989 805 Jesa.
1013 764 1081 804 53.
1103 763 1170 804 10.
1189 763 1338 818 Epltes.
1365 764 1400 804 1.
1423 763 1460 804 7.
1484 764 1608 806 Hebr.
1629 763 1668 805 6.
1691 778 1730 805 υ.
1752 763 1818 805 15.
1839 765 1907 805 22.
1933 764 2000 805 28.
2034 763 2145 806 Addi
2163 765 2199 806 si

253 819 390 872 placet
407 818 593 873 Philipp.
618 819 656 860 2.
678 834 782 862 vers.
808 821 846 863 8.
871 822 910 863 9.
946 821 1030 864 Ubi
1048 822 1286 863 voluntaria
1304 837 1415 864 mors
1433 823 1616 876 ponitur,
1635 825 1839 876 tanquam
1857 822 2038 864 conditio
2056 823 2198 877 requi-

253 877 334 918 sita
367 877 418 918 ad
449 877 648 919 meritum
676 878 847 931 Christi,
866 895 940 934 per
961 895 1088 934 quam
1109 895 1254 922 omnes
1272 881 1361 935 ejus
1379 881 1563 923 actiones
1583 881 1708 922 simul
1731 884 1895 923 sumtae
1912 881 2084 923 fuerunt
2103 896 2197 924 con-

253 938 508 977 summatae:
545 937 665 989 Quod
693 939 852 993 factam
887 939 966 994 (uti
990 940 1066 981 loc.
1085 940 1155 981 cit.
1175 940 1234 981 ait
1253 939 1461 994 Becanus)
1478 954 1565 983 non
1586 955 1634 982 ex
1650 941 1806 983 natura
1828 940 1898 991 rei,
1917 941 1989 982 sed
2009 955 2058 982 ex
2075 941 2198 984 libero

250 1003 366 1048 pacto
392 993 433 1036 «96
448 996 734 1049 promissione.
769 998 878 1041 Nam
896 998 1012 1040 Dens
1030 1012 1115 1040 non
1130 999 1259 1041 voluit
1280 999 1438 1041 Christo
1453 1000 1692 1053 promittere
1708 999 2000 1042 redemtionem
2018 999 2198 1042 hainani

249 1054 410 1108 yeneris
439 1067 512 1108 per
538 1055 709 1097 modain
727 1057 920 1110 praemii,
939 1058 1023 1099 nisi
1040 1057 1316 1112 dependenter
1331 1058 1381 1100 ab
1399 1058 1534 1112 ipsias
1552 1065 1680 1100 morte
1706 1057 1746 1100 ἃ·
1761 1058 1966 1112 passione.
1999 1056 2117 1100 Haec
2134 1059 2196 1100 di—

249 1112 418 1154 stinctio
451 1112 616 1154 videtur
640 1113 728 1156 fere
746 1115 976 1157 coincidere
999 1131 1094 1158 cum
1116 1117 1204 1168 illa,
1224 1131 1350 1171 quam
1372 1116 1484 1158 infra
1502 1117 1585 1158 alia
1606 1117 1648 1157 in
1666 1117 1910 1171 quaestione
1933 1116 2196 1168 adhibemus,
2247 1152 2250 1155 ⁴

247 1170 358 1212 inter
368 1171 567 1213 meritum
578 1173 809 1226 potentiale
821 1174 851 1216 &
864 1176 1043 1217 actuale.
1056 1174 1137 1216 Sed
1152 1179 1253 1217 tunc
1270 1175 1493 1217 admodum
1510 1175 1806 1217 catechrestice
1825 1178 1898 1217 aut
1909 1175 2017 1217 falso
2031 1175 2195 1228 dicitur,

248 1244 376 1270 unam
392 1231 457 1272 vel
476 1230 696 1272 minimam
713 1232 822 1274 hanc
839 1236 912 1275 aut
924 1234 1041 1275 illam
1053 1234 1212 1276 Christi
1225 1235 1432 1276 actionem
1445 1237 1518 1276 aut
1528 1235 1767 1289 passionem
1784 1236 1881 1275 actu
1893 1234 2085 1276 sufficere
2097 1234 2196 1277 huic

248 1290 322 1329 aut
334 1289 398 1330 illi
410 1289 621 1343 peccatori
633 1291 887 1343 redimendo,
906 1293 935 1334 81
948 1296 1251 1347 consequenter
1263 1309 1485 1348 perperam
1497 1294 1657 1348 petitur
1670 1295 1694 1334 3
1706 1292 1796 1335 Deo
1809 1296 1855 1334 ut
1873 1308 1920 1334 ea
1932 1294 2020 1335 sola
2033 1308 2080 1334 ac
2090 1308 2197 1335 seor-

248 1347 327 1388 sim
341 1350 545 1401 tanquam
558 1348 770 1392 sufficiens
784 1351 943 1392 lutrum
962 1354 1035 1393 aut
1047 1352 1246 1393 meritum
1260 1352 1342 1394 sibi
1355 1353 1406 1393 ad
1419 1353 1600 1394 salutem
1619 1353 1795 1394 donetur
1807 1354 1934 1406 atque
1947 1352 2192 1406 applicetur.

307 1404 353 1449 3.
385 1405 479 1447 XV.
507 1407 576 1449 An
595 1422 695 1462 ergo
713 1408 905 1451 Christus
927 1425 1069 1452 omnes
1092 1426 1247 1465 poenas
1265 1412 1294 1453 81
1317 1411 1582 1463 afflictiones,
1602 1426 1705 1465 quas
1724 1426 1798 1465 per
1816 1426 1983 1452 omnem
2000 1411 2132 1452 vitam
2149 1411 2192 1452 in

248 1464 389 1506 anima
416 1466 445 1507 81
478 1480 649 1520 corpore
680 1468 871 1521 pertulit,
902 1471 995 1510 tum
1027 1469 1071 1510 in
1104 1470 1240 1511 forma
1274 1485 1319 1511 ac
1347 1470 1498 1523 specie,
1518 1473 1608 1511 tum
1625 1470 1668 1511 in
1687 1469 1925 1524 quantitate
1944 1470 2064 1525 [pag.
2085 1470 2192 1526 248]
2211 1470 2220 1487 '¹

246 1522 452 1565 intensive
482 1524 512 1566 81
540 1526 752 1568 extensive
775 1527 833 1568 sic
850 1527 960 1569 ferre
983 1529 1187 1579 debuerit,
1207 1530 1236 1571 81
1252 1529 1427 1579 tamdiu,
1446 1543 1529 1570 non
1545 1531 1712 1570 tantum
1734 1544 1785 1570 ex
1806 1528 1986 1570 Decreto
2008 1528 2102 1579 Dei,
2122 1529 2193 1570 sed

245 1581 373 1623 etiam
396 1597 446 1624 ex
463 1583 503 1624 vi
519 1585 725 1626 naturalis
738 1585 930 1639 justitiae
947 1587 1126 1638 divinae,
1147 1587 1334 1641 alioquin
1353 1587 1685 1629 satisfactionem
1702 1587 1792 1629 Deo
1811 1588 1840 1630 81
1856 1587 2055 1628 meritum
2071 1587 2193 1629 nobis

244 1655 327 1681 non
343 1641 638 1694 praestiturus.
672 1645 790 1700 Resp.
810 1644 851 1686 N
854 1660 907 1685 011
924 1648 1026 1699 puto
1044 1647 1096 1687 ab
1120 1647 1260 1699 aliquo
1279 1647 1533 1688 sententiam
1551 1649 1778 1701 negantem
1796 1646 1855 1687 sic
1872 1646 2131 1700 propositam
2148 1646 2191 1687 in

245 1698 419 1740 dubium
451 1700 578 1752 trahi,
611 1704 685 1743 aut
707 1703 751 1743 in
769 1704 906 1745 medio
924 1704 1120 1758 relinqui.
1154 1704 1236 1746 Sed
1253 1705 1480 1747 difficultas
1504 1719 1586 1756 eos,
1611 1705 1720 1746 circa
1737 1707 1915 1746 mortem
1933 1705 2191 1758 corporalem

244 1772 290 1798 ac
322 1758 587 1812 spiritualem
618 1762 799 1814 peccatis
831 1763 986 1804 nostris
1019 1763 1205 1804 debitam
1238 1764 1305 1819 (de
1338 1779 1420 1818 quo
1454 1779 1581 1818 supra
1602 1764 1770 1819 probb),
1804 1764 1871 1805 An
1899 1764 1987 1805 scil.
2006 1762 2191 1817 Sponsor

244 1817 504 1865 ἓὲἁνὲβωπος
535 1818 576 1859 111
609 1819 746 1861 forma
763 1821 792 1862 81
812 1821 949 1875 specie
967 1837 1059 1863 eam
1077 1825 1249 1877 gustare
1272 1823 1476 1873 debuerit,
1496 1825 1542 1863 ut
1557 1822 1746 1877 justitiae
1769 1823 1850 1864 Dei
1871 1822 2118 1872 satisfieret3
2137 1837 2190 1863 an

241 1890 339 1917 vero
371 1891 446 1930 per
462 1879 846 1931 compensationem
863 1879 892 1921 81
910 1881 1012 1921 lutri
1035 1881 1392 1935 aequivalentiain
1409 1881 1517 1923 aliae
1535 1882 1749 1935 passiones
1769 1883 1797 1924 81
1814 1896 1972 1935 poenae
1995 1880 2188 1922 sufficere

240 1934 488 1988 potuissent,
512 1939 684 1990 propter
701 1937 911 1980 infinitam
928 1954 1130 1994 personae
1146 1940 1348 1994 patientis
1367 1940 1633 1995 dignitatem,
1652 1940 1858 1994 siquidem
1877 1939 1957 1981 Dei
1975 1940 2188 1981 decretum

239 2007 322 2033 non
354 1994 601 2036 obstitisset.
634 1995 826 2038 Breviter
858 1998 940 2039 huc
971 1998 1119 2040 recidit
1137 1999 1340 2053 quaestio,
1364 1998 1433 2040 An
1454 1999 1568 2040 Deus
1590 2014 1666 2052 per
1683 1999 1918 2040 absolutam
1938 1997 2188 2052 potentiam,

240 2051 357 2093 salva
382 2050 553 2107 justitia
585 2055 614 2096 &
645 2057 798 2097 natura
829 2071 917 2107 sua,
951 2057 1156 2111 potuisset
1188 2058 1408 2099 decernere
1431 2060 1477 2098 ut
1498 2057 1690 2099 Christus
1709 2072 1784 2111 pro
1801 2057 2043 2098 hominibus
2060 2057 2187 2098 morti

239 2110 444 2163 obnoxiis,
475 2126 559 2153 non
590 2116 769 2155 mortem
801 2117 1047 2170 utramque3
1082 2116 1153 2157 sed
1173 2119 1246 2158 aut
1269 2117 1519 2157 alterutram
1535 2118 1717 2167 tantum,
1736 2118 1810 2157 aut
1826 2118 2034 2166 neutram,
2058 2115 2186 2157 3113111

239 2168 327 2210 scil.
350 2184 541 2223 poenam,
561 2174 634 2212 aut
657 2172 761 2214 alias
779 2187 928 2228 graves
947 2189 1102 2228 poenas
1120 2175 1330 2225 subiisset,
1350 2175 1379 2216 &
1397 2175 1455 2216 sic
1472 2174 1513 2215 vi
1534 2174 1686 2216 valoris
1706 2175 1735 2217 81
1748 2174 1968 2229 dignitatis
1981 2178 2009 2214 81
2021 2173 2186 2216 infinita

238 2227 379 2269 divina
410 2231 562 2271 natura
594 2230 623 2272 81
655 2245 833 2285 persona
865 2233 909 2273 in
944 2233 1181 2286 passionem
1211 2233 1331 2274 illam
1361 2233 1688 2274 satisfactoriam
1721 2233 1946 2284 manantis,
1973 2232 2185 2274 sufficiens

238 2285 396 2328 lutrum
414 2302 488 2341 pro
505 2288 626 2330 nobis
644 2290 902 2332 exsolvisset.
936 2290 1116 2333 Videtur
1136 2292 1357 2335 Catechesis
1379 2299 1533 2347 qaaest.
1554 2292 1622 2333 40.
1648 2292 1798 2333 saltem
1817 2292 1865 2332 de
1883 2294 2017 2332 morte
2040 2306 2183 2345 corp0=

236 2344 316 2385 rali
333 2346 417 2387 tale
435 2346 535 2400 quid
552 2362 751 2391 asserere.
783 2348 848 2391 De
865 2351 1012 2391 mortis
1029 2351 1261 2405 spiritualis
1279 2366 1353 2392 seu
1373 2351 1538 2392 animae
1557 2352 1699 2406 (prout
1716 2365 1764 2391 ea
1783 2352 1806 2391 a
1823 2350 1977 2391 nostris
1994 2349 2182 2391 nomina-

238 2402 315 2444 tim
347 2404 399 2445 ab
417 2405 577 2447 Ainesio
596 2407 663 2448 lib.
690 2407 727 2448 1.
750 2409 953 2451 Medullae
968 2423 1056 2464 cap.
1077 2411 1145 2451 22.
1165 2409 1433 2463 describitur)
1453 2409 1645 2450 absoluta
1662 2409 1911 2450 necessitate
1930 2409 1989 2464 (h.
2011 2423 2044 2450 e.
2066 2411 2184 2449 extra

238 2461 267 2501 81
285 2464 380 2503 ante
397 2477 519 2505 omne
537 2464 750 2507 decretum
767 2466 865 2521 Dei)
889 2482 972 2509 non
989 2468 1162 2509 memini
1181 2468 1443 2518 Oatechesin,
1463 2470 1536 2509 aut
1554 2467 1659 2509 alias
1677 2467 1880 2509 formulas
1898 2466 2094 2508 similiter
2111 2466 2182 2507 de-

237 2520 476 2563 terminare.
510 2521 591 2564 Sed
623 2523 731 2566 forte
764 2526 899 2580 excipi
931 2529 1084 2580 posset,
1119 2526 1363 2569 Oatechesin
1394 2526 1508 2580 loqui
1531 2527 1580 2567 de
1596 2529 1732 2568 morte
1750 2525 1967 2580 corporali,
1987 2526 2038 2566 ad
2055 2540 2182 2579 quam

239 2577 452 2621 ferendam
479 2579 671 2624 Christus
690 2582 875 2638 Sponsor
890 2585 1115 2626 tenebatur
1132 2600 1183 2627 ex
1201 2586 1294 2640 jure
1318 2587 1347 2628 81
1359 2585 1527 2639 justitia
1548 2584 1642 2637 Dei,
1662 2599 1768 2639 quae
1792 2584 2017 2626 secundum
2034 2583 2181 2638 primi-

240 2636 408 2689 geniam
440 2639 578 2693 legem
605 2643 681 2693 est,
698 2646 726 2682 81
744 2644 970 2685 secundum
987 2643 1132 2685 foedus
1155 2644 1378 2686 creationis
1396 2658 1491 2685 cum
1512 2643 1755 2685 hominibus
1772 2643 1816 2684 in
1833 2641 1996 2684 Adamo
2014 2642 2180 2693 initum,

241 2694 381 2736 Genes.
401 2697 438 2737 2.
456 2709 558 2739 vers.
580 2698 645 2739 17.
670 2703 796 2755 atque
816 2702 917 2744 adeo
935 2703 1162 2745 secundum
1179 2702 1260 2744 Dei
1277 2703 1502 2745 decretum.
1520 2702 1727 2758 Attinqias
1744 2702 1799 2744 ad
1814 2701 2010 2744 Catecltes.
2024 2708 2179 2756 quaest.

237 2752 299 2794 eit.
320 2756 366 2795 ut
383 2754 412 2796 81
435 2755 480 2796 in
501 2755 747 2802 Problemat.
761 2768 873 2814 part.
893 2761 931 2802 2.
953 2760 1090 2804 Probt.
1114 2762 1184 2803 41.
1217 2760 1360 2804 Verba
1384 2761 1649 2804 Catechesios
1672 2760 1843 2815 exponit
1860 2760 1908 2801 de
1921 2759 2090 2814 justitia
2106 2774 2181 2800 na-

235 2811 364 2854 turali
396 2814 736 2860 contradistincte
768 2819 820 2861 ad
846 2819 916 2873 jus
940 2821 969 2863 81
982 2820 1208 2875 justitiam,
1228 2834 1334 2875 quae
1352 2821 1397 2862 in
1414 2820 1502 2863 solo
1520 2820 1684 2863 decreto
1704 2823 1733 2860 81
1750 2820 1843 2874 lege
1861 2817 1942 2860 Dei
1959 2817 2177 2918 funxdagur.

2066 2892 2080 2917 1
2110 2891 2182 2918 en-
