2399 3084
254 119 336 159 112
561 109 965 153 D1sr.IV.Dss
997 108 1422 151 NECESSITATE
1456 119 1517 144 ET
1553 102 1890 145 UTILITATE

254 256 323 283 eos
340 238 581 282 constituat.
606 235 646 277 8.
670 234 887 276 Christum
908 249 993 276 non
1010 232 1169 273 habere
1187 229 1289 270 duas
1308 230 1496 279 naturas,
1515 242 1591 269 nec
1614 241 1704 268 esse
1721 226 1860 267 Deum
1883 227 1912 269 81
1928 225 2145 267 hominem
2161 225 2206 266 in

255 300 418 342 unitate
455 309 680 350 personae3
716 297 958 335 manentem
991 291 1095 340 sciL,
1129 289 1201 342 qui
1234 288 1262 329 81
1297 287 1435 341 (11111110
1454 287 1620 327 erat'ab
1639 288 1825 336 aeterno,
1845 285 2157 327 immutabilem
2177 286 2206 327 &

257 357 452 408 ἐμπέσω
469 369 562 396 011111
581 356 702 407 patre
720 352 858 394 Deum
873 369 882 402 ς
908 354 936 395 81
953 352 996 392 111
1015 353 1205 402 tempore
1227 346 1402 396 factum,
1422 346 1532 399 quod
1545 345 1574 386 81
1587 344 1724 399 qualis
1739 346 1835 386 ante
1847 359 1931 386 non
1943 347 2047 395 erat,
2061 359 2208 386 verum

258 416 487 464 hominem,
521 415 709 454 assumta
741 412 896 466 quippe
933 411 962 452 81
986 406 1266 464 personaliter
1289 405 1369 446 sibi
1390 405 1509 445 unita
1530 419 1626 445 vera
1642 406 1795 444 natura
1812 403 1999 444 humana
2016 418 2068 444 ex
2084 418 2207 445 carne

257 477 286 517 81
318 473 522 529 sanguine
557 472 734 526 virginis
767 470 942 511 Mariae.
980 470 1020 510 9.
1040 466 1255 508 Christum
1274 463 1481 518 passione,
1501 466 1529 506 ἃ
1548 462 1736 517 perfecta
1759 462 1998 503 obedientia
2016 477 2064 504 ac
2082 462 2210 504 satis—

257 533 439 575 factione
457 535 659 584 tanquam
683 544 926 584 sponsorem
946 529 975 569 81
993 525 1269 568 mediatorem
1286 525 1478 564 nostrum
1496 523 1585 563 vice
1603 537 1676 563 seu
1693 522 1783 562 loco
1800 524 1943 562 nostro
1960 536 2035 576 pro
2053 521 2208 563 nostris

257 591 453 647 peccatis,
486 604 593 643 quae
631 589 673 630 in
707 604 751 630 se
786 589 1041 641 susceperat,
1075 599 1157 625 11011
1192 581 1460 632 satisfecisse,
1498 596 1573 622 1100
1606 595 1762 634 poenas
1782 580 1903 621 nobis
1917 581 2030 634 juste
2048 581 2209 622 debitas

258 651 408 693 tulisse
441 664 488 690 ac
519 649 663 698 luisse,
699 649 728 689 81
752 647 810 688 010
829 650 852 688 a
875 646 996 688 nobis
1020 642 1262 692 abstulisse,
1286 656 1333 682 ac
1352 656 1426 681 nos
1443 641 1684 690 redemisse,
1707 639 1857 680 saltem
1877 654 1928 680 ex
1950 640 2164 693 postulato
2182 640 2212 682 81

255 711 349 765 jure
367 708 446 750 Dei
460 707 565 762 justi
578 706 731 761 judicis
751 721 797 748 110
814 706 922 760 legis
942 704 1106 745 divinae
1126 702 1248 756 plene
1266 715 1349 741 non
1367 699 1619 753 persolvisse
1636 713 1711 752 pro
1728 698 1849 739 nobis
1868 713 1915 739 ac
1932 698 2210 740 satisfecisse:

260 769 331 810 sed
363 767 601 822 passionem
628 766 718 820 ejus
737 767 905 806 tantum
924 763 1054 804 fuisse
1074 760 1327 813 exemplum,
1348 773 1420 799 seu
1444 758 1644 799 habuisse
1662 756 1869 798 rationem
1892 757 2074 811 exempli
2092 758 2213 798 nobis

260 826 468 877 imitandi,
488 827 561 866 aut
583 824 734 866 saltem
752 824 1060 878 quadamtenus
1078 834 1126 861 ac
1144 818 1404 860 solummodo
1423 817 1651 858 secundum
1675 816 1911 871 gratiosum
1933 819 2117 870 pactum,
2137 816 2213 858 sti-

262 885 536 941 pulationem,
570 882 951 937 acceptilationem,
978 896 1024 922 ac
1042 877 1367 926 conniventiam,
1386 879 1512 930 atque
1534 875 1845 930 indulgentiam
1864 874 1942 916 Dei
1961 875 2122 929 aliquid
2138 890 2215 929 pro

263 944 471 986 solutione
489 943 765 997 praestitisse,
789 942 900 995 quod
919 941 974 981 sit
996 938 1118 993 quasi
1135 938 1224 978 loco
1246 937 1396 990 plenae
1414 934 1728 976 satisfactionis.
1752 935 1817 974 10.
1832 933 2015 988 Corpora
2027 935 2216 976 fidelium

262 1003 490 1045 novissimo
523 1002 589 1042 die
607 1016 689 1042 non
707 1000 1010 1049 resuscitanda,
1033 998 1152 1053 [pag.
1179 995 1287 1050 516]
1311 995 1471 1036 scilicet
1488 994 1592 1035 111100
1610 994 1756 1034 eadem
1775 1007 1963 1047 corpora,
1982 1009 2089 1048 quae
2107 1009 2217 1035 nunc

262 1063 423 1104 habent
442 1077 451 1111 3
485 1061 557 1102 sed
583 1060 791 1114 quaedam
809 1059 893 1101 alia
910 1072 1084 1111 corpora
1107 1054 1348 1109 spiritualia
1366 1054 1416 1094 de
1434 1068 1540 1094 novo
1564 1052 1757 1103 creanda,
1773 1051 1834 1093 ita
1856 1055 1904 1093 ut
1920 1053 2025 1094 haec
2043 1068 2217 1107 corpora

263 1124 420 1171 nostra,
454 1134 561 1174 (111110
594 1134 670 1173 per
686 1121 867 1160 mortem
886 1117 1138 1163 ceciderunt,
1162 1115 1286 1168 plane
1305 1113 1491 1154 desitura
1508 1112 1591 1152 sint
1612 1126 1715 1162 esse,
1733 1126 1809 1152 nec
1833 1126 2020 1166 unquam
2038 1112 2087 1153 de
2108 1127 2218 1153 novo

266 1180 498 1235 proditura,
513 1181 586 1219 aut
600 1193 650 1219 ex
663 1177 914 1219 mortalibus
928 1173 1185 1216 immortalia
1199 1174 1227 1215 81
1238 1172 1422 1227 gloriosa
1432 1171 1590 1212 futura.
1606 1172 1625 1210 1
1636 1171 1655 1210 1
1666 1203 1673 1211 .
1685 1169 1861 1211 Animas
1873 1170 2100 1225 impiorum
2108 1171 2218 1213 inte-

265 1240 348 1281 rire
380 1253 474 1280 cum
507 1237 752 1291 corporibus
773 1252 781 1286 ;
800 1251 876 1277 1100
892 1235 936 1276 111
953 1234 1118 1275 inferno
1138 1231 1382 1273 cruciandas
1400 1245 1534 1285 poena
1552 1229 1694 1270 damni
1712 1230 1740 1271 &
1758 1244 1917 1271 sensus:
1942 1230 2103 1271 animas
2121 1245 2219 1272 vero

266 1299 433 1353 piorum
452 1299 476 1338 a
493 1311 665 1351 corpore
684 1298 901 1349 separatas
919 1293 1099 1335 dormire
1117 1305 1250 1345 nsque
1265 1291 1316 1331 ad
1334 1289 1444 1330 diem
1458 1289 1619 1343 judicii,
1639 1290 1712 1329 aut
1731 1288 1881 1330 saltem
1899 1289 1989 1330 sine
2007 1289 2220 1344 spirituali

268 1357 411 1411 aliqua
441 1356 606 1397 actione
623 1355 672 1396 ad
692 1357 810 1396 extra
832 1367 1094 1408 permanere.
1132 1351 1199 1391 12.
1218 1349 1488 1403 Baptisnimn
1506 1363 1557 1389 ex
1575 1347 1825 1388 necessitate
1847 1348 2062 1402 praecepti
2090 1348 2221 1390 divini

268 1431 351 1457 11011
370 1430 459 1457 0000
472 1414 666 1456 omnibus
685 1412 938 1455 Christianis
951 1410 1263 1459 conferendum,
1277 1423 1353 1449 nec
1364 1406 1758 1462 paedobaptismum
1770 1406 1922 1447 infanti
1930 1407 2006 1448 bus
2019 1408 2220 1449 fidelium.

330 1473 374 1519 3.
399 1474 590 1517 Secunda
622 1472 812 1526 quaestio
841 1474 917 1520 est,
937 1470 1006 1512 An
1029 1469 1379 1510 Remonstrantes
1401 1466 1740 1507 communionem
1758 1464 1991 1507 fraternam
2009 1467 2038 1509 81
2056 1481 2222 1522 synere-

270 1534 444 1575 tismum
475 1532 583 1574 serio
608 1532 800 1580 offerant,
821 1531 973 1571 saltem
992 1529 1141 1570 offerre
1160 1527 1322 1581 possint
1339 1524 1603 1567 Reformatis
1624 1524 1808 1565 ecclesiis
1825 1524 1869 1565 in
1886 1525 2068 1580 Belgio?
2102 1527 2224 1582 Hesp.

270 1592 303 1634 Ι.
338 1591 463 1633 Modo
497 1591 629 1645 ajunt,
661 1590 784 1631 modo
816 1591 990 1644 negant,
1018 1587 1140 1628 modo
1165 1585 1398 1635 involvunt,
1418 1584 1600 1626 &instar
1619 1583 1763 1624 Protei
1785 1583 1829 1623 in
1846 1584 1985 1625 varias
2002 1583 2161 1626 formas
2179 1600 2223 1626 se

271 1653 456 1702 vertunt,
490 1652 615 1704 prout
646 1652 884 1702 temporum
924 1649 953 1690 &
985 1661 1124 1688 rerum
1144 1644 1402 1686 mutationes
1420 1643 1669 1684 inciderunte
1702 1641 1853 1696 Itaque
1871 1643 2123 1686 credendum
2139 1659 2223 1686 non

272 1713 348 1761 est,
382 1724 451 1751 eos
468 1709 537 1750 1110
555 1708 662 1750 serio
682 1707 811 1761 loqui.
841 1706 995 1747 Primis
1015 1705 1178 1759 aliquot
1197 1703 1316 1744 annis
1333 1705 1428 1757 post
1445 1701 1651 1756 synodum
1667 1700 1995 1753 Dordracenam,
2015 1702 2220 1758 philippi-

273 1783 344 1810 cae
361 1769 549 1823 ipsorum
566 1766 894 1808 declamationes
911 1765 1020 1806 nihil
1043 1764 1263 1813 sonabant,
1281 1761 1363 1802 nisi
1386 1761 1708 1815 separationem,
1729 1761 1901 1814 ejusque
1914 1762 2222 1813 necessitatem,

274 1842 349 1869 1100
386 1827 439 1868 ab
471 1826 523 1868 iis
561 1826 725 1867 abludit
757 1825 961 1879 αροίοῃῖα.
994 1823 1226 1876 Postquam
1258 1820 1415 1861 alicubi
1432 1819 1743 1861 conniventiam
1761 1819 1812 1860 ad
1834 1820 2125 1862 conventicula
2147 1836 2223 1863 sua

275 1886 508 1928 obtinuisse
525 1899 569 1926 se
585 1885 789 1935 viderent,
813 1884 972 1938 stylum
989 1883 1281 1936 temperarunt
1302 1879 1402 1933 quin
1426 1879 1456 1920 &
1473 1879 1522 1919 (10
1540 1893 1641 1932 pace
1659 1892 1707 1919 ac
1723 1877 1991 1920 fraternitate
2009 1879 2052 1920 in
2073 1881 2222 1935 episco-

275 1947 315 1987 la
348 1946 427 1986 011ιί
458 1945 514 1986 ad
545 1943 767 1999 Sywodum
801 1941 1244 1998 Zuyd-Hollandicam,
1276 1938 1647 1980 Schiedamensem
1673 1951 1782 1978 anno
1818 1938 1943 1979 1631.
1973 1938 2107 1980 denuo
2125 1940 2225 1994 quid

275 2005 499 2045 mussitare
532 2005 774 2057 coeperunt,
807 2002 872 2042 uti
904 2001 933 2042 &
951 2000 1157 2054 superiori
1176 2012 1285 2039 anno
1302 1998 1346 2038 in
1364 1997 1509 2038 libello
1533 1997 1714 2050 quodam
1733 1997 1956 2037 vernaculo
1973 1997 2016 2037 111
2040 1998 2078 2039 4.
2100 2000 2129 2041 81
2146 2014 2224 2040 1111-

277 2062 458 2117 perrime
484 2062 674 2103 tenebrio
697 2061 868 2115 quidam
901 2059 1163 2100 Thersiticus
1180 2056 1446 2111 ineptissima
1463 2058 1538 2096 sua
1554 2054 1792 2108 rhapsodia,
1810 2057 1898 2096 tam
1915 2055 1959 2096 in
1978 2055 2117 2098 Deum
2133 2058 2225 2099 bla-

278 2121 468 2176 sphema,
502 2135 626 2175 quani
654 2120 698 2160 in
720 2120 911 2161 homines
930 2118 1149 2172 desperate
1167 2116 1393 2157 maledica:
1413 2114 1484 2155 sed
1501 2114 1652 2154 horum
1669 2114 1950 2167 posteriorum
1968 2114 2224 2169 libellorum,

278 2180 377 2235 quia
393 2179 604 2221 communi
621 2178 818 2220 Societat.
839 2177 1006 2219 nomine
1030 2176 1132 2217 editi
1147 2190 1231 2216 non
1249 2176 1361 2225 sunt,
1380 2173 1585 2214 autoritas
1608 2172 1719 2226 apud
1736 2172 1832 2214 illos
1850 2175 1957 2215 forte
1977 2174 2130 2229 exigua
2148 2178 2223 2218 est.

278 2238 334 2279 II.
367 2238 580 2292 Quidquid
612 2237 667 2279 sit
699 2238 748 2278 de
781 2237 969 2291 ipsorum
1003 2235 1128 2286 facto,
1159 2234 1309 2275 saltem
1327 2247 1373 2273 ex
1395 2231 1705 2285 hypothesibus
1723 2231 1809 2273 suis
1827 2232 1935 2273 serio
1954 2234 1983 2275 &
2000 2233 2109 2274 bona
2126 2249 2224 2276 con-

279 2297 454 2338 scientia
471 2297 793 2352 syncretismum
811 2311 906 2337 011111
927 2295 1082 2336 nostris
1101 2292 1285 2334 ecclesiis
1303 2305 1379 2332 nec
1396 2293 1608 2344 appetere,
1626 2305 1702 2331 nec
1723 2290 1886 2342 offerre,
1905 2306 1981 2333 nec
2003 2293 2225 2335 admittere

279 2358 456 2410 possunt
487 2358 660 2410 propter
691 2370 851 2406 causas,
876 2369 980 2408 quas
998 2353 1155 2407 passim
1175 2351 1376 2405 allegant.
1404 2350 1440 2391 1.
1464 2350 1573 2402 Quia
1590 2351 1734 2390 nostra
1752 2349 1942 2391 doctrina
1959 2351 2224 2405 quinquarti—

281 2415 444 2465 culana,
492 2429 567 2469 per
610 2414 846 2455 evidentem
893 2415 923 2455 81
965 2410 1244 2453 necessariam
1291 2408 1637 2461 consequentiam
1680 2423 1821 2449 secum
1852 2408 1986 2450 trahit
2017 2409 2225 2452 horrenda

283 2471 524 2521 βδελόματα
557 2472 835 2522 Manichaica,
869 2470 1023 2522 Stoica,
1043 2469 1267 2511 Sociniana
1284 2483 1293 2518 3
1317 2481 1422 2521 quae
1439 2481 1605 2508 omnem
1622 2467 1788 2521 praxim
1804 2467 1976 2521 pietatis
1993 2467 2023 2510 &
2039 2470 2224 2511 consola-

282 2531 408 2572 tionis
426 2532 550 2585 plane
567 2531 827 2572 subvertant.
845 2530 1015 2584 Apoloq.
1034 2530 1080 2571 in
1093 2528 1228 2583 praef.
1249 2526 1289 2569 ἃ
1310 2540 1397 2580 cap.
1418 2526 1456 2567 6.
1475 2526 1533 2566 Et
1560 2526 1686 2567 Vedel.
1705 2526 1859 2580 Rlzaps.
1875 2540 1919 2580 p.
1940 2526 2037 2568 202.
2056 2528 2094 2568 2.
2118 2527 2226 2579 Quia

284 2589 482 2643 dogmata
515 2605 642 2643 quam
674 2589 857 2643 plurima
878 2588 981 2629 facit
1006 2586 1255 2637 necessaria,
1279 2599 1386 2639 quae
1408 2599 1492 2625 non
1508 2587 1607 2625 sunt
1623 2585 1871 2626 necessaria.
1900 2585 2046 2627 Vedelii
2062 2586 2225 2642 Rhaps-

284 2647 353 2689 odi
381 2662 425 2702 p.
461 2649 555 2689 121.
595 2649 633 2689 3.
670 2648 780 2700 Quia
812 2647 1147 2701 persecutionem
1185 2645 1327 2686 docet:
1352 2644 1575 2684 statuendo
1593 2657 1648 2684 00.
1669 2646 1694 2685 a
1712 2642 1970 2698 Magistratu
1987 2658 2110 2698 posse
2127 2660 2217 2687 con-

286 2706 496 2747 venticula
518 2709 725 2747 sectarum
748 2706 984 2760 prohiberi:
1008 2704 1242 2746 haereticos
1265 2703 1352 2744 sive
1369 2700 1613 2743 Socinianos
1635 2702 1722 2744 sive
1740 2702 1844 2743 alios
1862 2701 2087 2757 (siquidem
2103 2704 2228 2746 aliter

287 2766 311 2804 a
327 2764 545 2805 conatibus
563 2765 649 2805 suis
666 2765 695 2805 81
713 2767 934 2818 praetensa
950 2765 1147 2805 libertate
1170 2760 1358 2803 exercitii
1376 2760 1576 2802 desistere
1593 2761 1746 2815 nolint)
1763 2760 1932 2802 mulctis
1950 2762 2135 2803 externis
2151 2778 2226 2817 pe-

287 2822 499 2874 cuniariis,
532 2823 633 2863 item
667 2822 819 2874 exiliis,
851 2823 1155 2876 deportatione,
1188 2819 1517 2862 incarceratione
1550 2834 1671 2874 posse
1689 2818 1887 2861 coerceri:
1913 2819 2109 2873 breviter,
2128 2822 2227 2875 quia

2123 2880 2229 2921 talia
