2399 3084
542 81 1686 126 ὈΙΞΡ.ΙΙΙ.Ῑ)Ε«Ῑ1]11ΕΕΤιῙΠΞΤΙΤΙΑ0131.
2035 83 2085 123 71

152 207 289 248 siones
305 205 347 246 in
365 205 660 254 haereditates,
679 207 914 246 contractus
934 205 1156 258 emptionis
1174 206 1202 247 &
1221 204 1482 253 venditionis,
1505 206 1534 246 ss
1556 205 1690 258 pretia
1708 219 1847 245 rerum
1865 205 2089 255 venalium,

153 267 182 307 85
213 266 448 306 contractus
480 263 614 303 mutui
643 266 767 316 atque
798 278 1030 311 usurarum,
1052 278 1157 316 quae
1170 264 1263 317 jure
1282 263 1420 303 divino
1438 267 1463 301 ἃ*
1483 263 1665 304 naturali
1683 277 1765 303 non
1787 266 1884 304 sunt
1903 263 2089 304 illicitae.

154 324 193 364 3.
225 322 452 363 Distinctio
485 324 560 371 est,
594 321 671 362 Jus
704 321 890 363 divinum
923 326 949 361 Sc
972 322 1162 363 naturale
1185 321 1298 362 aliud
1316 324 1378 361 est
1395 321 1632 374 positivum,
1652 321 1763 362 aliud
1784 321 2088 375 permissivum.

152 381 230 422 His
259 380 596 421 distinctionibus
616 380 855 434 praemissis
875 381 1048 421 dicimus
1072 379 1348 434 Magistratus
1369 379 1650 427 autoritatem,
1685 380 1812 432 leges,
1826 379 1982 433 judicia
2000 394 2089 421 mo-

151 441 249 481 dum
281 454 433 494 ponere
461 439 585 479 rebus
618 444 640 478 &
668 439 899 480 actionibus
928 439 969 479 in
1002 454 1044 480 se
1067 443 1090 478 ἃ
1115 453 1189 479 suo
1202 453 1354 490 genere
1372 453 1452 479 non
1471 438 1642 484 illicitis,
1666 432 1739 478 nec
1752 439 1845 491 jure
1864 438 2001 478 divino
2019 441 2091 479 aut

149 498 333 540 naturali
351 497 574 551 prohibitis
590 513 598 545 ς
618 498 666 538 de
685 498 836 550 quibus
850 498 943 551 jure
962 498 1100 538 divino
1118 496 1362 550 permissivo
1386 499 1571 550 potestas
1591 497 1894 537 determinandi
1910 502 1933 535 &v
1955 497 2090 550 appli-

149 557 267 598 candi
281 557 507 597 secundum
520 556 855 597 circumstantias
867 571 1019 605 rerum,
1035 570 1318 609 personarum,
1334 555 1770 608 locoruiii,ten1p01·un1
1783 555 1884 608 ipsis
1897 569 2090 596 concessa

150 619 226 657 est.
245 615 302 656 Et
320 630 413 656 cum
433 615 695 656 rationaliter
714 630 759 656 ac
767 616 879 669 juste
898 615 1005 655 circa
1023 630 1092 655 eas
1110 614 1275 665 legibus
1293 614 1379 653 suis
1397 613 1659 662 determinat,
1679 613 1873 653 constitui
1893 616 1982 653 tum
1995 613 2090 655 illas

149 674 192 715 in
224 689 376 727 genere
411 678 435 713 ἃ
471 676 584 714 statu
618 673 851 714 licitorum:
887 688 917 713 e.
940 687 980 727 g.
1003 676 1047 713 ut
1064 672 1224 713 nummi
1243 672 1323 712 isto
1343 671 1473 725 pretio
1492 674 1564 712 aut
1583 672 1734 718 valore,
1757 686 1837 712 non
1852 671 1999 725 majori
2018 674 2091 712 aut

149 733 300 774 minori
333 735 616 780 numerentur,
651 736 697 772 ut
728 733 811 773 ista
843 732 945 772 hora
969 734 1041 772 aut
1058 732 1137 772 isto
1153 734 1338 784 tempore
1356 745 1482 770 naves
1500 730 1676 779 solvant,
1696 732 1742 770 ut
1760 735 1853 783 post
1870 730 1993 770 istam
2018 733 2090 770 aut

148 792 273 832 istam
291 791 438 832 horam
457 791 738 844 vespertinam
758 791 846 831 sine
865 791 1032 831 lucerna
1051 805 1171 830 nemo
1188 789 1231 829 in
1254 789 1466 843 publicum
1483 790 1668 842 prodeat,
1688 791 1733 829 ut
1750 803 1893 829 carnes
1911 788 2090 841 agninae

148 853 245 891 ante
272 865 458 890 mensem
489 864 662 890 vernum
694 864 774 889 non
800 849 883 889 sint
918 849 1083 889 venales
1106 849 1146 888 in
1166 848 1352 896 macello,
1370 862 1420 887 ne
1440 847 1665 900 piscatores
1683 847 1875 887 halecum
1892 850 1988 887 ante
2005 847 2089 888 tale

150 909 213 949 vel
245 909 330 949 tale
365 911 530 961 tempus
563 910 651 948 rete
674 907 853 961 ejiciant.
875 910 946 948 aut
964 910 1105 960 captos
1124 906 1288 946 lialeces
1311 921 1455 946 verum
1478 908 1699 959 exponant,
1719 909 1765 945 ut
1782 905 1928 945 foenus
1950 906 2090 945 nauti-

147 981 241 1008 cum
273 971 301 1005 &
323 967 519 1019 vulgares
552 981 703 1006 usurae
734 969 1013 1006 mercatorum
1035 965 1119 1005 tale
1140 965 1203 1005 vel
1224 965 1304 1004 tale
1323 964 1505 1017 pretium
1522 978 1602 1003 non
1622 964 1834 1004 excedant.
1870 963 1963 1004 Huc
1980 964 2091 1004 refer

147 1026 366 1079 plerasque
405 1025 521 1075 leges
553 1025 754 1077 speciales
776 1024 971 1064 militum.
1006 1023 1126 1064 Unde
1145 1022 1446 1063 consectarium
1466 1023 1666 1071 educitur,
1687 1023 1801 1075 [pag.
1823 1022 1927 1076 loo]
1946 1025 2089 1063 contra

147 1085 250 1125 duas
282 1083 553 1137 gravissimas
588 1083 939 1123 hallucinationes
978 1087 1001 1120 ἃ
1043 1081 1305 1122 confusiones
1344 1095 1448 1133 quae
1483 1083 1506 1120 a
1538 1081 1749 1121 nonnullis
1772 1081 2090 1121 committuntur

148 1142 256 1183 circa
276 1142 411 1182 varios
428 1141 705 1183 conscientiae
729 1156 870 1182 casus:
892 1140 1078 1190 Quarum
1104 1154 1187 1181 una
1206 1142 1281 1187 est,
1302 1154 1395 1180 cum
1424 1140 1568 1179 modus
1587 1143 1611 1178 ἃ
1632 1139 1924 1179 determinatio
1942 1137 2089 1192 Magi—

147 1204 303 1242 stratus
342 1200 449 1241 circa
484 1216 532 1241 ea
550 1215 655 1254 quae
678 1203 774 1240 sunt
787 1200 892 1254 juris
912 1199 1042 1239 divini
1060 1198 1308 1249 permissivi,
1334 1202 1360 1236 Sc
1383 1200 1682 1250 consequenter
1704 1198 1746 1237 111
1764 1212 1806 1237 se
1825 1211 1907 1237 non
1926 1197 2088 1244 illicita,

148 1259 386 1300 extenditur
419 1260 651 1312 promiscue
685 1259 736 1299 ad
754 1258 924 1312 quaevis
949 1258 1032 1298 alia
1050 1258 1143 1311 jure
1162 1257 1301 1296 divino
1319 1260 1346 1295 ἃ.
1364 1256 1547 1296 naturali
1564 1256 1742 1309 positivo
1760 1255 1973 1308 prohibita
1992 1260 2016 1294 ἃ
2037 1255 2088 1295 il-

88 1362 92 1366 ,
146 1318 274 1359 licita.
309 1317 356 1358 E.
393 1332 454 1371 gr.
489 1333 582 1359 cuin
616 1318 768 1358 dicitur
785 1332 935 1358 usurae
954 1317 1059 1357 istae
1078 1315 1350 1356 mercatoriae
1369 1319 1393 1353 ἃ
1415 1314 1618 1363 nauticae,
1643 1314 1793 1367 quibus
1814 1313 2089 1367 Magistratus

146 1377 314 1418 modum
332 1377 486 1429 posuit,
509 1381 536 1416 &
559 1391 662 1430 quas
681 1391 727 1416 ac
745 1376 844 1429 quia
866 1378 976 1416 recte
995 1380 1028 1414 ἃ
1047 1375 1274 1428 prudenter
1291 1373 1349 1414 sic
1366 1373 1673 1421 determinavit,
1694 1375 1791 1413 sunt
1809 1372 1969 1412 licitae:
1990 1386 2089 1426 ergo

146 1439 167 1474 81
191 1435 361 1489 quaevis
385 1435 492 1476 aliae
512 1435 638 1476 etiam
661 1436 912 1483 mordentes,
938 1437 960 1474 a
978 1434 1108 1474 fratre
1127 1435 1343 1473 attenuato
1366 1435 1549 1481 exactae,
1583 1435 1607 1470 δε
1628 1431 1796 1484 quidem
1814 1433 1976 1471 retento
1996 1430 2086 1485 pig-

145 1508 243 1535 nore
262 1493 322 1534 rei
340 1494 611 1543 necessariae,
636 1508 717 1547 qua
740 1508 880 1534 carere
902 1508 981 1534 non
1008 1495 1158 1546 potest.
1194 1490 1319 1531 Ratio
1342 1490 1662 1543 consequentiae
1684 1489 1786 1542 ipsis
1805 1492 1880 1538 est,
1900 1488 1997 1542 quia
2020 1488 2085 1529 in-

144 1552 319 1594 tercedit
332 1555 404 1593 aut
426 1552 681 1593 intercedere
706 1555 842 1605 potest
865 1552 1068 1592 autoritas
1096 1549 1385 1604 Magistratus,
1408 1563 1512 1602 quae
1537 1549 1706 1589 modum
1722 1547 1914 1588 omnibus
1933 1547 2084 1598 usuris,

145 1611 206 1651 ita·
238 1615 263 1650 ἃ
298 1611 390 1652 istis
422 1626 575 1664 ponere
609 1614 766 1664 pote->2122
792 1615 817 1650 ἃ
837 1625 931 1651 cum
949 1610 1102 1663 posuit,
1121 1608 1250 1649 faciat
1263 1623 1332 1648 eas
1351 1608 1508 1660 absque
1528 1622 1648 1648 omne
1668 1607 1861 1660 scrupulo
1879 1606 1921 1646 in
1940 1620 1981 1646 se
2000 1609 2025 1644 81
2046 1606 2088 1646 111

145 1669 235 1710 foro
253 1670 529 1710 conscientiae
549 1669 684 1710 licitas
733 1668 1083 1722 Consequentiam
1100 1668 1231 1715 illam,
1256 1681 1350 1707 cum
1373 1666 1532 1706 ratione
1567 1666 1752 1718 subjecta
1785 1665 2085 1717 inconsequen-

144 1730 231 1769 tem
263 1743 351 1769 esse
385 1728 581 1769 dicimus:
616 1728 724 1781 quod
757 1728 838 1781 ipsi
870 1727 992 1768 facile
1027 1726 1238 1774 videbunt,
1264 1725 1325 1765 uti
1343 1739 1476 1778 spero,
1496 1724 1531 1764 si
1549 1724 1729 1764 similem
1746 1722 2086 1776 consequentiam

146 1787 238 1840 quis
271 1789 422 1827 nectat.
457 1786 730 1827 Venditiones
760 1786 937 1826 istarum
969 1790 993 1824 ἃ
1018 1785 1196 1825 istarum
1217 1783 1418 1824 mercium
1436 1785 1532 1822 sunt
1550 1782 1702 1823 licitae.
1722 1786 1747 1820 ἃ
1763 1782 1923 1835 justum
1944 1795 2087 1821 earum

145 1845 346 1899 pretium;
381 1845 532 1898 quibus
565 1849 591 1884 Sc
626 1845 724 1897 quia
756 1844 1033 1897 Magistratus
1063 1843 1133 1893 (ad
1150 1857 1253 1895 quos
1267 1842 1360 1895 jure
1380 1841 1518 1881 divino
1536 1845 1560 1879 δι
1582 1840 1763 1880 naturali
1786 1839 1863 1880 hoc
1885 1838 2084 1892 pertinet)

145 1905 313 1944 modum
346 1903 405 1944 ita
437 1903 599 1958 posuit:
625 1903 739 1957 Ergo
772 1902 1031 1943 venditiones
1051 1915 1228 1941 uxorum
1247 1900 1408 1953 (quales
1428 1899 1578 1940 ali'cubi
1598 1898 1638 1938 in
1657 1898 1803 1938 Africa
1821 1897 1947 1938 etiam
1964 1897 2087 1937 hodie

146 1962 325 2003 usitatae
366 1962 611 2013 discuntur‚)
645 1966 669 2000 ἃ
705 1961 873 2014 quidem
906 1961 982 2000 tali
1018 1960 1081 2000 vel
1115 1958 1191 1999 tali
1209 1958 1357 2012 pretio,
1377 1961 1473 1998 sunt
1491 1957 1653 2005 licitae3
1673 1957 1792 1997 modo
1811 1955 2086 2009 Magistratus

145 2021 314 2061 modum
347 2021 530 2074 aliquem
565 2020 874 2061 venditionibus
908 2019 972 2059 illi
1009 2020 1151 2072 ponat,
1186 2017 1213 2057 &
1232 2016 1413 2070 pretium
1436 2015 1696 2056 determinet.
1731 2014 1838 2064 Quid
1861 2014 2085 2067 responde-

145 2079 282 2120 bunt?
316 2078 384 2120 An
408 2094 489 2120 non
514 2079 665 2129 dicent,
684 2081 729 2119 ut
746 2078 880 2119 dicere
904 2078 1068 2124 debent,
1092 2075 1186 2116 Non
1207 2090 1295 2115 esse
1312 2088 1469 2115 merces
1487 2073 1582 2114 illas
1606 2073 1771 2113 venales
1788 2073 1881 2126 jure
1900 2071 2039 2112 divino
2056 2073 2085 2113 ἃ

145 2138 342 2187 naturali,
361 2152 435 2178 nec
458 2152 577 2191 posse
596 2137 895 2189 Magistratum
914 2151 984 2176 eas
1002 2136 1138 2176 facere
1156 2134 1337 2182 venales,
1357 2132 1547 2186 quamvis
1565 2132 1699 2185 pretio
1721 2145 1874 2185 magno
1898 2132 1969 2170 aut
1987 2144 2084 2183 par-

146 2211 196 2236 vo
215 2195 368 2249 posito:
387 2196 444 2236 Et
461 2196 652 2250 quamvis
678 2195 956 2249 Magistratus
976 2194 1171 2248 probaret
1191 2193 1318 2232 talem
1337 2190 1630 2239 venditionem,
1660 2190 1769 2230 male
1788 2192 1927 2229 tamen
1947 2189 2085 2241 ipsum

145 2254 369 2302 facturum,
404 2255 432 2296 &
465 2254 590 2295 simul
632 2255 738 2294 male
757 2254 940 2294 facturos
959 2252 1193 2293 venditores
1214 2251 1242 2291 ἃ
1262 2252 1468 2301 emptores
1484 2269 1491 2296 3
1511 2249 1608 2301 quia
1630 2247 1785 2288 nemini
1803 2250 2024 2300 propterea
2042 2246 2084 2286 in

146 2312 399 2354 conscientia
432 2313 547 2353 licita
566 2312 676 2353 foret
696 2312 890 2353 venditio.
924 2311 1072 2363 Neque
1092 2310 1201 2350 enim
1231 2307 1552 2362 Magistratibus
1571 2307 1792 2346 tribuenda
1814 2308 1876 2346 est
1898 2307 2084 2358 potestas

146 2371 453 2412 determinandi
468 2373 612 2411 contra
625 2371 693 2424 jus
712 2370 936 2424 positivum
957 2370 1144 2410 divinum
1163 2370 1191 2410 ἃ
1209 2367 1413 2414 naturale,
1434 2366 1543 2418 quod
1560 2380 1641 2404 non
1658 2364 1796 2404 minus
1810 2377 1955 2403 usuras
1974 2376 2083 2403 mor-

146 2430 266 2471 daces
299 2429 495 2483 prohibet
532 2429 662 2470 Eoeocl.
700 2429 768 2469 22.
801 2429 960 2470 Levitic.
1001 2429 1069 2468 25.
1100 2427 1191 2467 coll.
1212 2440 1304 2466 cum
1330 2424 1524 2466 Ezechiel.
1546 2423 1612 2462 18.
1628 2437 1692 2477 ps.
1715 2424 1777 2463 15.
1800 2421 1994 2463 Proverb.
2015 2421 2084 2462 28.

145 2503 272 2542 quam
307 2488 565 2529 venditiones
584 2502 774 2528 uxorum.
809 2486 926 2535 Quod
950 2486 984 2527 si
1003 2486 1112 2526 enini
1131 2484 1407 2537 Magistratus
1426 2484 1611 2535 potestas
1635 2481 1715 2522 huc
1732 2495 1862 2534 usque
1881 2479 2082 2520 extenda-

144 2549 226 2596 tur,
255 2547 343 2599 jam
378 2546 662 2587 relaberemur
701 2545 742 2585 in
776 2545 1108 2586 abominationes
1127 2541 1482 2583 Antii-liristianas
1506 2540 1704 2593 Papatus,
1725 2554 1831 2593 quae
1855 2538 1992 2591 Papae
2009 2537 2083 2577 tri-

144 2605 280 2645 buunt
319 2607 571 2659 potestatem
604 2606 750 2657 contra
776 2604 844 2657 jus
874 2603 922 2644 de
951 2603 1044 2656 jure
1079 2600 1358 2654 dispensandi,
1383 2601 1411 2641 ἃ
1429 2599 1477 2639 de
1498 2600 1664 2651 peccato
1681 2613 1762 2638 non
1780 2599 1995 2650 peccatum
2019 2594 2082 2636 fa—

146 2663 294 2704 ciendi.
329 2663 539 2717 Quidquid
571 2662 683 2703 enim
718 2662 757 2702 in
779 2676 821 2702 se
844 2663 873 2703 &
890 2676 964 2715 per
982 2676 1024 2701 se
1037 2661 1131 2714 jure
1149 2659 1288 2699 divino
1307 2661 1379 2698 aut
1396 2656 1580 2697 naturali
1598 2656 1812 2696 moraliter
1830 2654 1987 2695 malum
2005 2656 2081 2702 est,

146 2722 175 2762 St
207 2724 254 2761 ut
290 2722 374 2762 tale
413 2737 462 2762 ex
500 2721 706 2774 scriptura
738 2722 809 2760 aut
839 2722 951 2760 recta
969 2719 1129 2760 ratione
1148 2716 1486 2770 deprehemlitur,
1501 2730 1582 2755 non
1600 2718 1740 2768 potest
1756 2729 1830 2768 per
1847 2712 2082 2765 Magistra-

145 2782 265 2820 tuum
299 2780 428 2835 leges,
462 2778 844 2832 interpretationeS,
876 2777 1046 2831 judicia,
1070 2773 1642 2828 contractus,permissiones,
1661 2771 1958 2827 indulgentias,
1977 2770 2082 2810 tole—

1924 2828 2083 2869 rantias
