2399 3084
614 66 1674 111 13151).ΧΙΙ,])1;Ι1Ε6ΕΕΤΕ11ΛΝ6111,10.
2000 71 2082 112 351

149 193 376 240 exercetur,
404 191 477 230 aut
503 192 717 244 peccatum
737 191 830 245 lege
844 191 1021 232 vetitum
1034 192 1324 243 committitur,
1339 195 1500 233 constat
1512 207 1561 233 ex
1575 192 1896 247 quamplurimis
1908 192 2088 248 scriptu-

147 263 217 290 rae
229 247 560 302 &theologorum
571 248 965 303 phrasibus,quibus
978 250 1431 304 emmtiant,peccatum
1444 250 1648 292 committi
1660 254 1803 292 contra
1812 250 2089 303 DeumChri-

145 310 270 357 stum,
304 307 555 360 proximum,
588 310 797 361 parentes,
815 306 1105 362 Magistratus.
1125 308 1357 359 inferiores,
1376 309 1625 363 superiores,
1643 309 1838 364 patriam,
1857 311 2088 363 ecclesiam,

146 364 456 416 conscientiam,
488 365 689 407 beneficia
716 366 809 416 Dei,
828 366 985 420 judicia
1002 368 1031 409 &
1048 367 1345 421 castigationes
1364 368 1561 421 ejusdem,
1579 368 1643 409 816.
1668 382 1775 422 quae
1792 369 1932 409 omnia
1948 372 2089 410 tamen

145 438 266 465 nemo
279 423 388 465 dicet
400 438 488 465 esse
502 424 639 478 legem
652 424 854 465 moralem
867 424 908 464 in
918 424 1124 478 scriptura
1134 425 1345 476 traditam,
1355 426 1504 466 nedum
1521 428 1565 466 ut
1575 426 1684 467 dicat
1695 441 1782 467 esse
1792 426 2087 482 Euangelium.

203 481 256 523 V.
293 482 439 536 Obsecl.
471 480 742 524 Sacramenta
774 481 827 523 N.
862 481 910 523 T.
949 485 972 523 a
994 482 1160 524 Christo
1177 483 1373 525 instituta
1391 498 1471 525 non
1490 483 1599 539 Lege
1619 485 1689 525 sed
1707 484 1943 540 Euangelio
1968 501 2087 540 prae·

144 540 396 582 scribuntur.
429 540 543 595 Ergo
560 540 846 595 Euangelium
864 540 991 582 habet
1009 545 1244 596 praecepta.
1279 543 1396 596 [ἔω-ρ.
1435 543 1527 597 Ν69.
1546 543 1807 585 antecedens.
1836 544 2083 586 Observatio

144 599 332 640 omnium
364 601 534 640 actuum
567 601 596 642 8⁶
628 599 844 654 signorum
872 600 923 640 ad
940 600 1099 641 cultum
1118 600 1196 642 Dei
1214 601 1456 642 institutum
1473 601 1790 655 pertinentium,
1810 617 2083 657 quaecunque

144 656 233 699 Deo
267 657 403 698 visum
434 656 562 699 fuerit
586 659 785 709 revelare,
806 658 1106 711 praescribitur
1129 659 1308 700 secundo
1326 659 1514 714 decalogi
1532 662 1766 714 praecepto.
1802 661 1920 709 Quod
1941 664 2086 703 autem

145 716 221 758 sub
254 715 308 757 N.
342 715 455 757 Test.
478 717 583 757 talia
599 716 721 771 signa
739 716 917 758 foederis
936 716 1033 768 sint,
1067 719 1095 759 a
1114 731 1195 758 non
1219 717 1302 759 alia
1317 734 1324 767 ;
1340 717 1536 759 discimus
1555 733 1604 759 ex
1623 719 1789 772 scriptis
1807 718 1858 760 N.
1881 719 1994 761 Test.
2014 734 2088 761 seu

145 790 195 816 ex
226 773 463 829 Euangelio
485 777 581 829 post
598 774 755 816 Christi
772 774 999 816 adventum
1015 776 1266 829 praedicato,
1301 776 1345 817 Si
1363 776 1475 817 enim
1500 779 1761 818 sacramenta
1780 777 1832 819 V.
1851 777 1898 819 T.
1922 792 2087 819 omnes-

144 848 224 888 que
257 832 430 874 umbrae
463 833 542 874 dici
573 836 749 887 possunt
781 848 875 874 cum
898 833 1015 889 [pag.
1040 834 1117 889 30]
1146 834 1355 889 theologis
1372 835 1595 884 nonnullis,
1617 836 1646 877 &
1668 836 1961 878 convenienter
1982 840 2089 878 cate-

144 891 259 933 chesi
275 894 442 932 nostrae
460 894 621 945 quaest.
643 893 708 932 19.
727 891 1012 946 Euangelium
1030 907 1102 934 seu
1123 893 1294 934 verbum
1314 893 1526 948 euangelii
1545 893 1728 949 (visibile
1758 894 1848 935 scil.
1870 895 2060 948 verbum)
2076 910 2084 936 :

145 949 292 1005 quidni
329 949 565 1004 baptismus
593 952 622 993 &
654 965 782 992 coena
812 950 1004 992 dicantur
1036 951 1321 1006 Euangelium
1352 966 1426 993 seu
1463 952 1636 993 verbum
1658 952 1898 1008 Euangelii,
1922 954 2087 995 visibile

144 1009 256 1058 scil.;
295 1009 406 1062 quod
431 1008 554 1062 juxta
578 1009 667 1050 cuni
693 1007 920 1063 Euangelii
938 1009 1064 1051 verbo
1087 1010 1263 1051 audibili
1281 1011 1478 1064 proponit
1496 1011 1525 1052 81
1544 1011 1711 1065 exponit
1727 1012 1845 1052 nobis
1864 1012 2039 1054 eximias
2058 1013 2087 1054 &

144 1068 305 1108 divinas
342 1066 437 1107 illas
468 1067 780 1121 promissiones,
800 1068 848 1108 de
881 1068 1015 1109 salute
1048 1083 1121 1122 per
1155 1068 1381 1110 Christum.
1423 1068 1995 1126 Videaturcateclces.quaesc.
2017 1071 2088 1113 67.

144 1125 239 1167 Tali
261 1139 360 1180 ergo
397 1125 642 1180 syllogismo
673 1126 952 1168 concluditur:
990 1127 1146 1168 Omnia
1178 1127 1298 1182 siqua
1329 1126 1369 1169 a·
1390 1128 1526 1183 siyilla
1541 1129 1699 1182 qraciae
1719 1127 1760 1170 a·
1775 1129 1949 1183 foederis
1968 1130 2045 1172 Dei
2060 1131 2086 1171 ἀ

143 1185 228 1227 Deo
265 1184 361 1226 dala
401 1182 441 1226 Hc
468 1197 625 1238 praesct
641 1185 724 1239 t'pea
754 1192 853 1226 sum
875 1185 1143 1227 observanda.
1177 1185 1294 1227 Haec
1319 1189 1380 1227 est
1403 1201 1481 1227 vox
1499 1185 1637 1241 Legis,
1660 1188 1839 1228 secundo
1861 1191 2085 1242 praecepto

145 1245 354 1284 contenta.
387 1242 466 1284 Sed
498 1242 743 1298 Baptismus
771 1242 811 1285 {t
831 1244 963 1285 Coena
980 1251 1079 1285 sunl
1101 1245 1235 1299 siqua,
1255 1244 1321 1286 &c.
1340 1245 1385 1286 in
1406 1245 1453 1287 Ν.
1481 1246 1523 1286 Τ.
1542 1244 1658 1286 Haec
1677 1245 1911 1287 subsumtio
1931 1250 1993 1287 est
2010 1261 2088 1288 vox

143 1300 369 1356 Euangelii
385 1300 428 1342 in
450 1300 505 1342 N.
525 1301 572 1342 T.
591 1301 832 1356 praedicati.
866 1303 988 1356 Ειῃο,
1008 1310 1104 1344 sam
1121 1303 1388 1344 observanda.
1423 1303 1539 1344 Haec
1559 1306 1623 1344 est
1645 1304 1854 1345 conclusio
1872 1304 2010 1360 Legis.

202 1359 277 1401 VI.
314 1359 459 1414 object.
493 1359 779 1415 Euangelium
795 1360 990 1409 ostendit,
1010 1361 1163 1416 arguit,
1184 1362 1355 1402 damnat
1374 1365 1610 1415 peccatum:
1631 1362 1745 1417 Ergo
1770 1363 1966 1416 prohibet
1985 1379 2087 1418 pee-

143 1421 248 1470 cata,
267 1419 296 1461 &
312 1418 526 1472 oppositas
545 1419 722 1461 virtutes
745 1419 1005 1473 praescribit.
1040 1421 1157 1474 Resp.
1180 1421 1276 1474 Neq.
1295 1421 1557 1462 antecedens.
1594 1422 1630 1462 l.
1654 1421 1764 1474 Quia
1782 1421 1858 1462 hoc
1881 1421 1984 1463 facit
2002 1422 2088 1465 Lex

142 1477 264 1520 Rom.
294 1478 332 1518 3.
360 1491 397 1518 v.
432 1478 500 1518 20.
531 1479 559 1520 81
594 1478 630 1518 7.
650 1491 684 1519 v.
707 1479 744 1518 7.
778 1477 912 1531 Atqui
928 1477 1013 1519 Lex
1030 1493 1112 1520 non
1132 1481 1194 1520 est
1210 1479 1509 1534 Euangelium,
1529 1494 1604 1521 nec
1622 1480 1710 1521 vice
1730 1494 1862 1521 versa.
1899 1482 1936 1522 2.
1964 1482 2086 1535 Quia,

143 1534 422 1590 Euangelium
454 1539 625 1590 peccata
652 1551 745 1577 mea
762 1536 805 1577 in
821 1536 1069 1590 particulari
1090 1552 1165 1578 nec
1183 1537 1337 1579 directe
1360 1552 1434 1579 nec
1452 1537 1653 1579 indirecte
1674 1539 1952 1581 conscientiae
1970 1555 2087 1582 meae

143 1595 315 1649 detegit.
350 1595 388 1635 3.
425 1595 547 1647 ριιὶα,
566 1610 617 1636 ne
635 1595 804 1649 quidem
820 1595 863 1635 in
881 1595 1069 1649 generali
1086 1598 1244 1636 statum
1263 1596 1423 1650 peccati
1442 1597 1597 1638 directe
1616 1597 1799 1652 detegit3
1835 1598 1906 1639 sed
1919 1600 2086 1641 tantum

142 1668 216 1707 per
251 1653 593 1707 consequentiam
620 1668 670 1694 ex
700 1653 956 1694 revelatione
992 1654 1022 1695 &
1053 1654 1327 1708 promissione
1358 1655 1617 1696 necessariae
1637 1655 1989 1698 reconciliationis
2010 1673 2086 1712 per

144 1711 359 1753 Christum
374 1711 602 1766 colligitur.

204 1769 299 1812 VII.
336 1769 481 1824 object.
515 1769 677 1812 Saltem
708 1769 1002 1811 infidelitatem
1027 1770 1264 1825 Euangelio
1298 1771 1534 1825 oppositam
1573 1772 1813 1827 redarguit3
1847 1787 1946 1829 ergo
1983 1775 2085 1817 fides

142 1829 366 1870 mandatur
383 1828 632 1883 Euangelio.
666 1829 784 1883 Resp.
804 1829 1052 1870 antecedens
1071 1830 1166 1884 Ν69.
1186 1829 1263 1870 sub
1282 1829 1622 1871 distinctionibus
1640 1831 1761 1872 modo
1779 1831 1935 1874 allatis.

202 1886 322 1929 VIII.
358 1887 502 1942 Object.
535 1886 736 1941 Sequitur
753 1901 867 1942 ergo,
903 1890 1066 1929 nostros
1084 1890 1108 1928 a
1125 1888 1313 1929 doctrina
1330 1888 1558 1942 Euangelii
1575 1889 1792 1931 excludere
1816 1890 1924 1932 bona
1941 1906 2079 1946 opera.

144 1947 262 2000 Resp.
309 1945 354 1987 Si
385 1945 601 2001 intelligas
633 1946 868 2000 Euangelio
905 1960 986 1987 non
1004 1946 1203 2000 praecipi,
1223 1946 1252 1986 81
1276 1946 1334 1988 sic
1357 1948 1380 1987 a
1397 1946 1743 2001 promissionibus
1762 1949 1925 1990 excludi
1960 1966 2084 2005 prae-

145 2007 279 2059 cepta,
311 2004 391 2046 hoc
423 2007 498 2055 est,
531 2004 738 2045 rationem
769 2004 798 2045 &
822 2004 1047 2045 essentiam
1078 2004 1399 2059 promissionem
1431 2020 1513 2046 non
1545 2006 1771 2048 consistere
1789 2007 2023 2050 formaliter
2040 2010 2083 2051 in

145 2063 394 2118 praeceptis,
429 2078 505 2104 nec
537 2063 624 2105 vice
661 2078 803 2112 versa;
842 2062 920 2104 hoc
952 2065 1027 2114 est,
1045 2063 1251 2104 rationem
1268 2063 1490 2105 formalem
1507 2065 1536 2106 81
1553 2064 1838 2107 definitionem
1854 2065 1980 2122 Legis
2002 2083 2084 2110 non

147 2137 235 2163 esse
262 2122 468 2163 rationem
497 2121 719 2163 formalem
751 2122 780 2164 &
813 2121 1097 2163 definitionem
1123 2121 1363 2176 Euangelii,
1396 2123 1582 2163 concedo.
1620 2121 1753 2164 Sicuti
1781 2124 1882 2166 fides
1905 2127 2015 2180 quod
2032 2127 2084 2168 ad

147 2181 372 2222 essentiam
398 2195 518 2221 suam
552 2180 735 2221 excludit
766 2194 896 2234 spem,
916 2183 989 2221 aut
1011 2181 1243 2231 caritatem,
1268 2183 1340 2221 aut
1358 2180 1472 2221 aliud
1489 2181 1763 2236 quodcunque
1789 2183 1940 2224 bonum
1957 2200 2082 2239 opus;

148 2240 176 2282 a
194 2239 335 2280 anima
351 2238 533 2280 hominis
550 2238 727 2280 viventis
748 2238 931 2279 excludit
948 2253 1099 2293 corpus
1110 2259 1119 2287 ;
1148 2253 1231 2279 non
1258 2242 1399 2280 tamen
1422 2253 1553 2280 unum
1570 2239 1753 2281 excludit
1775 2241 1956 2283 alterum
1973 2245 2084 2297 quod

147 2298 200 2339 ad
233 2297 500 2339 existentiam
532 2312 604 2338 seu
623 2296 973 2345 coexsistentiam,
993 2297 1113 2351 quasi
1133 2297 1221 2338 scil.
1240 2312 1338 2339 vera
1359 2297 1460 2339 fides
1478 2300 1672 2352 separata
1690 2302 1798 2340 esset
1815 2300 1867 2341 ab
1885 2303 2083 2355 operibus

147 2356 283 2399 Jacob.
310 2357 346 2396 ⁶2.
368 2358 440 2397 aut
458 2355 501 2396 in
524 2355 695 2397 homine
712 2355 878 2397 vivente
896 2370 1047 2409 corpus
1065 2355 1117 2396 ab
1140 2355 1294 2398 anima.

438 2449 573 2512 DE
628 2449 922 2511 LEGE
977 2450 1102 2512 ΕΤ
1156 2449 1819 2515 EUANGELIO.

916 2532 1022 2564 PARS
1046 2532 1256 2564 SECUNDA
1286 2533 1320 2572 ¹).

204 2611 242 2665 g.
278 2611 314 2650 1.
351 2608 423 2650 VI.
459 2610 621 2662 Quaest.
654 2611 720 2650 An
741 2611 874 2651 solum
907 2610 1186 2664 Euanyeliam
1208 2609 1351 2651 habeat
1365 2611 1692 2663 promissiones?
1711 2612 1827 2666 Resp.
1848 2613 1945 2669 Neq.
1967 2613 2081 2657 Nam

146 2669 275 2710 etiam
307 2668 373 2709 lex
404 2683 486 2709 non
513 2670 678 2708 tantum
705 2670 942 2721 praecepta,
964 2669 994 2709 &
1020 2667 1364 2709 comminationes
1384 2667 1522 2717 habet,
1541 2669 1612 2709 sed
1630 2668 1971 2722 &promissiones
1990 2676 2080 2715 tum

1909 2733 2078 2784 tempo-

191 2834 216 2874 ¹)
240 2833 342 2876 Resp.
367 2834 553 2866 Mic-mum
575 2833 791 2874 Evssnsnvcx,
815 2833 862 2865 M.
887 2833 926 2866 F.
952 2833 1161 2876 Delph-Bat.
1188 2833 1229 2866 15
1255 2833 1361 2866 Mart.
1386 2832 1485 2866 1656.
