2399 3084
297 73 381 115 328
734 71 1808 116 D1sp.X1.DeSABBA¹rn0ETFnsms.

299 198 384 238 bris
413 195 603 250 Synodus
637 211 745 237 anno
772 196 895 237 1619.
919 196 1087 238 nomine
1105 197 1294 238 omnium
1310 196 1596 238 Ecclesiarum
1613 197 1736 251 petiit
1754 198 1806 239 ab
1829 196 1981 239 illustr.
2006 213 2053 239 ac
2070 212 2249 252 praepo-

298 258 389 297 tent
420 254 513 296 DD.
549 253 647 295 Ord.
683 254 832 309 Belgii‚
860 257 908 296 ut
939 255 1266 309 prohiberentur
1296 256 1569 310 9ravissimae
1596 256 1913 311 profanationes
1928 269 2003 310 pei·
2017 257 2249 308 nundinas,

298 314 504 363 encaenia,
539 313 725 354 convivia
762 314 1125 365 communitatum,
1157 315 1345 368 viyilum,
1379 314 1646 365 viciniarum,
1680 315 1928 369 nuptiarum
1940 330 1955 364 ,·
1967 328 2044 369 pei·
2064 316 2252 357 exercitia

299 385 519 414 armorum.
533 386 548 421 ,·
567 386 643 426 per
658 372 908 422 venationes,
926 373 1183 425 piscationes,
1203 374 1398 427 aucupia,
1416 375 1557 415 lusum
1571 374 1684 428 pilae
1696 389 1710 423 ,·
1724 386 1802 428 per
1817 373 2080 416 histrionicas
2097 387 2248 416 comoe-

299 432 468 473 diarum
496 431 698 479 aetiones;
726 444 802 485 per
840 431 1039 486 tripudia,
1073 433 1282 474 auctiones
1315 432 1532 480 bonorum,
1566 433 1897 487 compotationes
1932 431 1982 472 ln
2010 432 2249 474 Canonibus

299 489 608 532 Ecclesiasticis
630 489 917 531 Ecclesiarum
935 489 1278 545 Hungaricarum
1297 506 1406 532 anno
1431 490 1556 531 1642.
1590 490 1795 532 Varadini
1814 491 1949 538 editis,
1968 506 2057 532 can.
2078 492 2145 532 59.
2164 494 2250 533 sta-

300 548 447 594 tuitur,
470 549 563 591 Non
587 562 669 590 esse
684 549 1002 603 permittendam
1022 550 1270 604 nuptiarum
1287 550 1618 593 celebrationem:
1645 550 1785 591 omnia
1802 549 2012 604 imprimis
2028 549 2128 591 huic
2145 550 2251 591 otio-

302 622 346 649 so
366 607 453 648 scil.
480 606 563 647 diei
580 607 623 648 in
640 607 807 661 Papatu
824 610 1028 662 putantur
1046 609 1289 659 convenire;
1325 608 1697 650 obstetricantibus
1714 609 1842 659 carni,
1864 609 2033 660 mundo,
2052 609 2081 650 St
2099 624 2252 663 pravae

301 665 593 708 consuetudini
615 666 820 708 Casuistis
841 681 981 708 eorum
1000 682 1009 708 2
1027 670 1075 708 ut
1098 668 1237 709 videre
1255 670 1318 709 est
1337 668 1447 722 apud
1471 667 1651 710 Toletum
1673 669 1701 710 &
1718 668 1920 710 Azorium
1936 681 2022 724 cap.
2042 668 2110 709 27.
2130 669 2158 710 &
2181 668 2250 709 28.

301 726 330 767 St
362 724 626 767 Selzolctstieos
654 725 709 767 ad
728 726 796 766 22.
811 740 879 781 qu.
902 727 999 767 122.
1017 725 1069 768 Χ.
1088 726 1156 767 An
1175 727 1273 780 quia
1291 725 1556 768 Sabbathum
1574 742 1624 768 ex
1641 729 1785 768 nostra
1801 726 2011 768 sententia
2028 728 2190 781 (contra
2207 741 2254 768 ac

302 783 513 825 Pontificii
544 784 789 838 opinantur)
821 800 905 826 non
932 785 1154 826 inchoatur
1178 788 1201 826 a
1224 789 1398 839 vespera
1415 786 1702 839 praecedentis
1720 785 1816 830 (1101.
1835 788 1909 826 aut
1927 785 2055 826 etiam
2075 787 2099 826 a
2114 785 2252 826 media

302 845 437 893 nocte,
466 844 578 884 recte
597 858 639 884 se
656 846 910 897 praeparent
927 844 978 884 ad
1001 843 1280 896 Sabbathum,
1313 844 1386 898 qui
1406 844 1451 885 in
1467 845 1644 886 multam
1664 847 1843 895 noctem,
1871 846 1944 885 aut
1962 859 2093 898 usque
2111 844 2162 885 ad
2179 859 2254 885 au-

302 916 441 943 roram
473 900 682 942 Sabbathi
715 902 927 956 operibus,
962 905 1035 944 aut
1067 903 1502 954 commessationibus,
1537 905 1610 944 aut
1641 903 1805 945 lucibus
1833 903 1987 944 intenti
2004 905 2115 944 sunt.
2134 904 2251 957 Resp.

304 962 400 1015 Neq.
438 961 546 1013 Quia
578 975 661 1001 non
694 961 919 1002 ostendunt
941 977 984 1002 se
1007 962 1215 1003 recordari
1237 960 1458 1003 sabbathi.
1479 963 1519 1003 2.
1540 962 1650 1015 Quia
1672 962 1742 1003 vix
1758 963 1934 1016 possunt
1950 976 2073 1003 mane
2097 976 2251 1015 exper-

303 1018 421 1074 gisci,
446 1019 474 1060 81
498 1019 708 1060 exercitiis
740 1019 912 1073 pietatis
947 1035 1111 1062 vacare:
1146 1021 1257 1075 quod
1278 1023 1420 1062 tamen
1438 1020 1677 1062 faciendum
1695 1021 1843 1062 docent
1864 1019 2054 1076 leeoloqi
2069 1034 2118 1062 em
2141 1020 2253 1062 Psal.

305 1079 372 1119 92.
407 1078 443 1119 1.
464 1078 502 1118 2.
529 1079 566 1119 3.
587 1077 679 1119 vide
699 1078 896 1121 Kuclztini
918 1079 1075 1134 disput.
1103 1079 1331 1122 Cateclzetic.
1349 1080 1398 1121 de
1418 1080 1560 1131 Festis,
1585 1080 1615 1122 81
1644 1079 1839 1123 Perkinsi
1860 1079 2044 1134 explieat.
2063 1079 2256 1134 Deealoyi

306 1138 343 1178 3.
381 1137 489 1191 Quia
522 1137 711 1177 animum
745 1138 773 1179 &
813 1152 962 1192 corpus
994 1141 1292 1193 praegravant,
1330 1140 1358 1181 &
1390 1138 1583 1192 ineptum
1609 1138 1789 1179 reddunt
1810 1139 1863 1180 ad
1880 1138 2255 1179 sanctificationem

305 1195 527 1246 Sabbathi,
560 1210 634 1250 per
666 1198 874 1238 attentam
897 1197 1015 1238 Verbi
1047 1198 1318 1239 auditionem.
1353 1196 1596 1252 Scripturae
1624 1197 1860 1248 lectionem,
1878 1212 2019 1239 rerum
2043 1211 2256 1238 sacrarum

305 1254 636 1305 meditationem,
674 1256 918 1303 orationem,
953 1260 1017 1297 &c.
1035 1255 1110 1298 XI.
1134 1256 1203 1297 An
1220 1259 1386 1298 noctem
1413 1258 1487 1298 aut
1507 1259 1672 1311 partem
1690 1257 1793 1310 ejus,
1816 1271 1923 1310 quae
1941 1255 2048 1297 diem
2068 1255 2254 1297 Domini·

307 1329 403 1356 cum
420 1313 624 1368 sequitur,
643 1313 801 1369 absque
819 1314 1126 1368 profanatione,
1145 1316 1281 1369 operis
1294 1316 1324 1358 St
1341 1315 1451 1357 curis
1469 1315 1705 1356 ordinariae
1724 1315 1965 1366 vocationis,
1989 1317 2063 1356 aut
2080 1314 2255 1369 quibus-

308 1387 471 1427 cunque
503 1372 598 1413 aliis
636 1373 688 1413 ad
719 1372 770 1411 τὰ.
787 1372 952 1420 βιωτικὰ
970 1374 1294 1428 pertinentibuS,
1329 1389 1530 1428 occupare
1543 1374 1684 1415 liceat.
1719 1375 1840 1428 Resp.
1858 1373 1890 1416 A
1897 1376 1943 1430 ff
1963 1373 2171 1428 siquidem
2192 1388 2256 1414 ra-

307 1432 442 1473 tiones
475 1431 537 1472 rei
568 1430 805 1481 familiaris,
839 1434 913 1473 aut
944 1431 1086 1481 καιρὸς,
1123 1434 1151 1475 81
1183 1433 1433 1484 occasiones,
1453 1435 1526 1474 aut
1543 1433 1635 1487 ipsa
1652 1435 1872 1486 operatum
1889 1435 2042 1474 natura
2058 1432 2137 1473 hoc
2158 1446 2256 1473 sua-

310 1491 417 1532 deass·
452 1489 573 1539 QUOd
600 1489 712 1531 enim
743 1494 910 1538 λῦγίκώς
941 1491 1126 1533 detrahit
1158 1507 1303 1533 somno
1341 1507 1428 1542 suo,
1452 1492 1559 1532 illud
1578 1491 1741 1532 nullam
1760 1491 1871 1546 sapit
1888 1490 2094 1533 sabbathi
2112 1490 2256 1545 profa-

309 1549 542 1598 nationem;
576 1563 658 1589 non
700 1549 851 1604 magis,
875 1564 1003 1604 quam
1029 1550 1064 1591 si
1097 1553 1262 1604 partem
1293 1551 1480 1592 noctium
1497 1550 1659 1591 dierum
1685 1549 1842 1600 Lunae,
1862 1549 2025 1599 Martis,
2043 1548 2256 1600 Mercurii,

309 1607 440 1657 Jovis‚
480 1607 653 1649 Veneris
686 1609 1042 1662 consequentium.
1077 1609 1174 1651 Nox
1211 1610 1323 1651 enim
1349 1609 1424 1650 illa
1449 1624 1533 1650 non
1567 1611 1629 1651 est
1646 1608 1912 1650 Sabbathum
1935 1611 2008 1650 aut
2029 1623 2127 1663 pars
2146 1608 2257 1663 ejus3

309 1682 384 1708 nec
422 1666 608 1707 debitam
630 1667 997 1721 praeparationem
1015 1669 1044 1710 81
1067 1668 1385 1722 dispositionem
1402 1667 1705 1710 Sabbathicam
1730 1668 1926 1722 impedit:
1951 1669 2015 1709 est
2034 1667 2147 1709 enim
2162 1666 2258 1708 fini-

309 1728 401 1767 tum
433 1740 527 1767 cum
568 1725 642 1766 1110
675 1726 754 1775 die,
784 1727 905 1780 juxta
936 1727 1125 1768 omnium
1162 1727 1428 1778 sententiam,
1454 1727 1540 1768 sive
1557 1727 1622 1768 1111
1643 1725 1910 1769 Sabbathum
1939 1726 2153 1768 affirment
2169 1740 2259 1767 esse

313 1786 575 1836 νυχθήμερον,
613 1784 699 1826 sive
730 1787 902 1840 negent,
931 1785 1016 1827 sive
1045 1786 1277 1828 Christiani
1300 1786 1398 1837 sint,
1417 1786 1503 1828 sive
1521 1785 1687 1828 Judaei.
1720 1784 1803 1827 Sed
1819 1786 1952 1827 noctis
1976 1784 2261 1826 antecedentis

311 1842 439 1884 aliam
471 1856 560 1884 esse
576 1843 783 1885 rationem
801 1859 927 1898 supra
944 1845 1202 1887 ostendimus
1217 1861 1225 1895 3
1249 1849 1277 1885 &
1294 1848 1407 1887 recta
1430 1845 1538 1886 ratio
1560 1845 1723 1886 nullam
1741 1844 1928 1886 admittit
1946 1843 2258 1898 exceptioncm3

312 1901 394 1942 nisi
415 1901 458 1942 in
487 1916 585 1943 casu
618 1903 895 1954 necessitatis,
934 1903 1002 1957 qui
1038 1904 1167 1945 etiam
1197 1904 1241 1944 in
1268 1918 1391 1945 cursu
1408 1904 1540 1958 ipsius
1558 1903 1642 1945 diei
1659 1903 1905 1945 Dominicae
1922 1917 2070 1957 operas
2088 1902 2260 1944 serviles

312 1960 510 2002 concedit.
544 1960 634 2002 Aut
651 1962 780 2003 etiam
800 1962 845 2002 in
864 1977 963 2003 casu
980 1962 1078 2004 talis
1096 1963 1409 2017 complexionis,
1429 1978 1536 2017 quae
1555 1961 1715 2000 &emim
1731 1963 1761 2005 81
1779 1962 1899 2018 [pag.
1920 1961 2053 2017 1266]
2073 1961 2261 2002 laborem

314 2019 497 2073 aliquem
533 2019 617 2061 fert
654 2021 811 2075 absque
834 2021 922 2062 ulla
953 2021 1206 2075 impotentia
1237 2022 1333 2063 inde
1366 2024 1580 2063 contracta
1597 2021 1648 2062 ad
1670 2021 1869 2062 exercitia
1891 2020 2161 2062 Sabbathica.
2180 2018 2262 2061 Sed

313 2077 422 2119 hanc
438 2078 702 2131 paucissimis
725 2082 798 2121 aut
815 2079 903 2120 fere
920 2080 1048 2121 nullis
1072 2080 1276 2135 obtigisse
1298 2080 1492 2122 arbitror.
1526 2079 1737 2121 Mirabilis
1753 2079 1861 2120 mihi
1883 2081 1980 2121 ante
1997 2093 2128 2120 annos
2150 2093 2262 2120 com-

314 2137 455 2190 plures
471 2137 614 2178 audita
632 2138 820 2180 narratio
843 2139 998 2180 eruditi
1010 2139 1227 2193 cujusdam
1243 2138 1398 2181 Medici
1416 2139 1466 2180 de
1487 2139 1573 2180 viro
1590 2138 1772 2189 literato,
1785 2138 1858 2192 qui
1874 2137 2023 2180 studiis
2046 2139 2076 2180 81
2101 2136 2259 2192 profes-

315 2195 423 2236 sioni
455 2196 648 2249 publicae
675 2197 755 2238 rite
792 2197 982 2248 vacabat,
1020 2213 1104 2239 non
1136 2198 1330 2239 obstante
1364 2198 1471 2252 quod
1505 2200 1594 2239 toto
1616 2197 1786 2238 biennio
1802 2197 1979 2238 totalem
2009 2196 2261 2238 insomniam

316 2269 462 2308 passus
500 2257 622 2296 esset.
657 2254 915 2297 Affirmabat
932 2256 1004 2297 ille
1024 2256 1159 2298 virum
1175 2257 1298 2298 illum
1316 2256 1398 2298 sibi
1423 2259 1570 2298 notum
1582 2255 1727 2307 fuisse,
1751 2256 1780 2298 St
1797 2258 1957 2297 certum
1979 2257 2105 2309 atque
2124 2254 2262 2309 explo-

316 2315 455 2353 ratum
478 2327 580 2364 esse,
599 2314 709 2367 quod
727 2315 953 2356 retulisset.
972 2314 1054 2356 Sed
1075 2315 1153 2356 hoc
1169 2317 1345 2357 naturae
1368 2315 1619 2357 miraculum
1635 2314 1731 2357 fuit.
1764 2314 1824 2356 Ut
1839 2314 2008 2356 redeam
2025 2314 2077 2355 ad
2097 2315 2262 2355 noctem

316 2374 411 2425 post
443 2370 723 2424 Sabbathum,
750 2373 861 2415 Aben
877 2375 991 2416 Ezra
1007 2375 1053 2416 in
1074 2375 1298 2417 Comment.
1317 2375 1373 2416 ad
1388 2375 1520 2417 Exod.
1547 2375 1614 2416 16.
1638 2373 1832 2415 meminit
1849 2373 2078 2415 multorum
2097 2375 2261 2425 (3⁹:25),

318 2430 389 2483 qui
412 2444 462 2470 ex
489 2431 628 2473 verbis
650 2431 780 2474 Eoeod.
809 2430 875 2474 16.
902 2446 1006 2475 vers.
1042 2433 1110 2474 25.
1146 2433 1416 2488 colligebant,
1450 2433 1601 2475 debere
1628 2432 1680 2474 ab
1702 2431 1943 2473 hominibus
1965 2432 2124 2474 servari
2151 2432 2262 2474 diem

318 2487 527 2530 Sabbathi
552 2491 580 2532 81
616 2493 781 2532 noctem
800 2505 907 2545 quae
925 2492 1115 2546 sequitur
1133 2507 1228 2533 eum
1248 2494 1381 2547 (parm
1406 2492 1540 2547 ΝΒἾ),
1557 2507 1642 2534 11011
1654 2506 1750 2533 vero
1767 2492 1933 2532 noctem
1946 2505 2054 2545 quae
2070 2506 2259 2545 praeces-

319 2546 373 2588 sit
406 2550 479 2587 aut
510 2549 729 2601 praeteriit
761 2549 940 2605 (7:9302
975 2551 1084 2604 quod
1111 2550 1249 2592 Moses
1271 2565 1375 2593 vers.
1393 2551 1455 2593 eit.
1470 2551 1622 2592 dixerit
1641 2561 1754 2596 mnu*
1780 2561 1822 2594 ³2
1849 2559 1958 2596 mvn
1973 2549 2054 2599 Qui
2071 2550 2100 2592 81
2117 2550 2262 2604 quales

318 2604 382 2645 illi
400 2605 556 2647 fuerint
575 2608 725 2657 nescio,
745 2623 819 2650 nec
841 2612 961 2651 vacat
978 2618 1087 2650 nunc
1109 2609 1287 2651 ulterius
1310 2610 1537 2664 inquirere.
1569 2609 1664 2664 Ipse
1690 2612 1807 2651 vocat
1824 2625 1893 2651 eos
1911 2619 2053 2656 ruam&
2079 2620 2174 2654 ’ὋΠ
2192 2608 2261 2650 de-

319 2664 506 2719 ficientes,
540 2668 613 2706 aut
646 2667 836 2723 infirmos
866 2668 959 2724 fide.
988 2667 1084 2710 ΧΠ.
1109 2667 1178 2709 An
1200 2668 1326 2710 liceat
1358 2668 1599 2710 vinitoriam
1617 2683 1808 2710 exercere
1825 2670 2013 2723 tempore
2031 2667 2262 2709 autumni?

321 2722 439 2776 Hesp.
473 2721 608 2766 Janus
629 2727 856 2768 Carnarius
874 2725 1162 2779 Concionator,
1195 2742 1290 2768 cum
1313 2727 1472 2769 viveret
1488 2727 1846 2782 Hamelburgicus
1867 2727 1912 2768 in
1935 2726 2149 2781 Theoloqid
2168 2725 2262 2768 vitis

320 2780 534 2836 viniferae,
568 2782 619 2824 ab
657 2783 902 2827 Abrahamo
935 2783 1155 2827 Schulteto
1187 2800 1295 2827 anno
1326 2786 1451 2828 1614.
1485 2785 1794 2841 Heidelbergae
1812 2784 2006 2828 editalib.
2026 2785 2066 2827 2.
2083 2798 2171 2840 cap.
2193 2784 2261 2826 16.

2169 2844 2266 2898 post
