2399 3084
322 93 405 146 214
467 90 745 133 Disr.VII.
779 89 1221 131 PROBLEMATUM
1254 103 1316 129 DE
1348 87 1581 130 Maniro
1614 88 1867 130 CHRISTI
1905 88 2053 130 PAns
2085 87 2139 130 V.

321 212 563 261 exinanivit,
585 211 721 252 forma
747 211 856 252 servi
881 212 1062 264 accepta.
1095 209 1181 251 Ubi
1197 209 1398 260 conferat,
1416 210 1489 263 qui
1507 210 1630 258 volet,
1648 219 1911 253 commentar.
1948 212 2120 253 Gomara·
2137 211 2261 267 longe
2289 259 2292 262 ⁴

321 270 696 315 accuratissimum.
730 270 770 309 2.
805 270 914 322 Quia
946 268 1124 309 incurrit
1139 268 1183 309 in
1205 268 1516 321 antiquitatem,
1535 282 1642 321 quae
1660 271 1804 310 contra
1820 268 2024 311 Arrianos
2042 271 2131 329 tani
2147 270 2263 311 solli-

321 332 400 373 cite
413 329 700 382 distinguebat
717 342 950 369 sermonem
967 342 1040 368 seu
1058 326 1389 380 praedicationes
1408 327 1457 368 de
1474 326 1642 368 Christo
1658 326 1761 364 κκτά
1780 331 1985 376 θεολογίαν
2003 328 2121 369 &nm-
2163 330 2262 366 οἴκε-

322 392 467 437 υομὶκν,
503 401 576 428 seu
607 385 654 424 τὸ
683 389 923 433 θεελσγικώς
949 387 977 427 &
1000 387 1255 433 οἵκσνσμικὼς.
1293 386 1331 425 3.
1369 386 1477 438 Quia
1507 385 1587 426 hac
1604 385 1765 426 ratione
1782 385 1936 426 veritas
1955 389 2097 427 contra
2118 386 2265 427 Photi-

322 447 468 488 nianos
488 445 517 486 δι
534 443 856 486 Neo-Arrianos
874 444 1055 485 feliciter
1072 443 1239 484 defendi
1256 443 1413 497 nequit.
1447 443 1556 484 Vide
1574 444 1603 485 ἃ
1621 443 1763 484 confer
1779 446 1942 485 nostros
1960 445 2084 499 longe
2102 444 2265 486 felicius

321 506 388 547 hic
421 503 753 558 theologizantes
789 503 1056 544 Franeiscum
1083 503 1273 553 sztmn,
1305 502 1537 544 Jolzannem
1567 502 1757 552 limium,
1783 502 2091 557 deamlrmn,
2116 502 2188 545 ae.
2207 502 2263 545 II.

322 564 530 607 Problem.
566 562 635 602 An
657 561 857 602 meritum
875 561 931 602 sit
953 561 1179 602 secundum
1197 563 1418 614 utramque
1436 563 1645 611 naturam,
1668 575 1742 601 seu
1759 575 1811 601 an
1829 562 1880 601 ad
1896 561 2048 602 merita
2064 564 2266 615 tanquam

318 637 444 676 opera
478 620 727 662 mediatoria
758 619 968 667 &eo'cvb‘pmx
1003 619 1288 660 concurrerint
1311 619 1416 660 duae
1431 621 1607 660 naturae
1624 621 1826 672 tanquam
1849 619 2046 660 distincta
2062 620 2267 674 principia

318 694 412 736 quo,
432 695 507 721 seu
525 678 778 733 eneigetica,
797 692 870 731 per
893 692 988 718 suas
1012 686 1198 731 quasque
1218 676 1414 724 ἐνεργείας·
1455 679 1570 731 Hesp.
1594 677 1625 719 A
1633 680 1679 733 ῘῙ
1697 677 1922 731 Explicant
1940 679 1969 719 a
1985 678 2166 731 probant
2182 678 2261 720 hoc

318 741 504 781 locorum
539 736 823 778 communium
856 735 1089 790 Scriptores
1117 737 1165 777 de
1183 735 1320 777 officio
1339 735 1519 777 Christi:
1539 737 1567 777 &
1585 735 1788 786 elenctici‚
1806 736 1878 789 qui
1895 736 2124 777 detendunt
2140 736 2260 778 Chri-

319 801 428 839 stum
450 811 538 838 esse
549 795 834 836 Mediatorem
853 795 1080 835 secundum
1098 797 1320 848 utramque
1337 797 1545 840 naturam,
1564 809 1615 835 ex
1632 794 1783 847 quibus
1801 794 1931 847 aliqui
1947 803 2064 848 parte
2084 795 2119 836 1.
2134 796 2262 850 hujus

319 857 425 910 disp.
463 854 595 896 citati.
628 852 706 895 ΙΙΙ.
742 853 946 894 Problem.
983 852 1050 893 An
1085 867 1185 907 ergo
1219 853 1445 894 secundum
1473 852 1654 893 divinam
1674 855 1870 893 naturam
1891 855 2093 906 tanquam
2110 854 2263 907 princi-

319 915 435 969 pium
457 913 634 955 formale
655 909 894 959 ἔνεργητικὲν
907 914 979 952 aut
997 911 1219 965 passivam,
1244 913 1317 952 aut
1338 911 1533 960 activam,
1552 913 1624 952 aut
1641 914 1862 964 utramque
1879 911 2160 952 obedientiam
2179 912 2264 967 legi

320 972 547 1028 praestitit.
581 972 699 1025 Resp.
736 971 831 1024 Ney.
866 969 948 1011 Sed
979 985 1022 1011 se
1051 970 1277 1014 secundum
1295 969 1524 1010 humanam
1546 972 1742 1010 naturam
1760 969 1986 1023 patientem
2007 970 2036 1011 &
2055 973 2263 1024 agentem,

321 1047 394 1086 per
426 1031 512 1071 vim
546 1028 729 1070 Deitatis
764 1028 1031 1077 sustentavit,
1066 1030 1095 1070 δι
1127 1028 1312 1069 valorem
1346 1043 1392 1069 ac
1425 1028 1676 1082 dignitatem
1696 1028 1906 1068 infinitam
1923 1028 2184 1070 obedientiae
2200 1029 2265 1069 illi

320 1089 510 1132 contulit.
543 1088 619 1129 IV.
656 1088 864 1130 Problem.
901 1086 970 1128 An
998 1087 1078 1127 dici
1095 1086 1240 1140 possit,
1260 1086 1474 1128 Christum
1493 1101 1536 1127 se
1557 1086 1804 1127 humiliasse
1822 1087 2048 1127 secundum
2070 1089 2265 1128 naturam

323 1149 520 1198 divinam,
541 1147 593 1188 ad
610 1146 688 1187 hoc
712 1149 766 1206 ut5
780 1160 855 1200 pro
872 1145 993 1186 nobis
1015 1148 1277 1186 mereretur?
1311 1145 1431 1200 Resp.
1456 1146 1486 1187 A
1492 1148 1537 1201 ff
1573 1144 1677 1186 Cum
1694 1144 2040 1186 determinatione
2058 1147 2088 1187 &
2110 1145 2264 1187 distin-

322 1207 457 1249 ctione
476 1206 654 1260 duplici:
673 1218 751 1243 κατ·
788 1206 1001 1252 οἰκονομίαν
1020 1204 1108 1245 scil.
1126 1219 1208 1251 non
1225 1219 1322 1245 vero
1344 1203 1449 1242 κατὰ
1464 1206 1677 1251 &amasim
1691 1203 2019 1244 consideratum:
2044 1203 2167 1257 idque
2183 1219 2267 1246 non

324 1266 514 1307 absolute
549 1265 578 1306 St
610 1264 653 1304 in
672 1278 714 1304 se
731 1263 965 1304 mutatione
986 1263 1128 1316 aliqua
1146 1262 1365 1309 essentiae,
1385 1263 1413 1304 Sc
1431 1262 1590 1316 gloriae
1608 1262 1798 1302 internae
1816 1264 1942 1315 atque
1960 1264 2177 1311 aeternae;
2196 1263 2268 1303 sed

324 1327 489 1365 tantum
508 1323 640 1364 relate
658 1322 820 1363 ratione
843 1321 1134 1362 occultationis
1152 1321 1267 1361 illius
1286 1321 1565 1374 temporariae
1587 1335 1727 1361 coram
1747 1320 1866 1375 [pag.
1886 1320 1992 1375 282]
2010 1320 2267 1362 hominibus.

325 1382 393 1424 Sic
429 1383 620 1423 accurate
656 1382 866 1423 Gomarus
898 1381 969 1422 loc.
993 1381 1056 1421 eil.
1090 1379 1250 1420 Pendet
1271 1379 1374 1420 haec
1391 1379 1683 1420 determinatio
1702 1379 1753 1419 ab
1772 1378 1950 1419 articulo
1972 1379 2021 1419 de
2038 1379 2220 1420 sessione
2239 1381 2270 1421 δτι

328 1441 583 1482 exaltatione
617 1439 773 1480 Christi
808 1438 860 1479 ad
878 1439 1092 1479 dexteram
1109 1438 1209 1485 Dei;
1230 1452 1356 1491 quam
1374 1437 1502 1478 etiam
1520 1437 1744 1478 secundum
1762 1439 1957 1478 naturam
1975 1437 2161 1478 divinam
2179 1452 2268 1478 esse

326 1499 660 1553 intelligendam,
698 1496 826 1538 simili
859 1497 948 1538 scil.
982 1497 1059 1537 sub
1093 1496 1372 1546 distinctione,
1405 1496 1682 1536 communiter
1713 1495 1940 1536 defendunt
1970 1495 2104 1536 nostri
2125 1498 2269 1537 contra

327 1557 568 1599 Pontificios
587 1557 616 1598 a
635 1555 913 1597 Lutheranos.
937 1555 1089 1596 Confer
1112 1555 1260 1596 leesin
1274 1555 1461 1609 praeced.
1477 1554 1607 1609 probb.
1630 1554 1668 1594 9.
1689 1554 1729 1596 a·
1749 1555 1815 1595 10.
1845 1554 1902 1594 Et
1924 1554 2027 1594 adde
2043 1554 2270 1597 Aucoribus

326 1616 385 1657 ibi
418 1617 524 1657 citat.
561 1614 830 1656 Chamieruni
852 1617 952 1655 tom.
976 1615 1015 1654 2.
1034 1614 1106 1654 lib.
1128 1613 1166 1654 7.
1185 1628 1273 1667 cap.
1295 1613 1333 1652 5.
1353 1614 1389 1667 ξ.
1416 1613 1481 1654 19.
1515 1614 1593 1655 Sed
1610 1613 1864 1654 oeconomica
1886 1613 2109 1654 secundam
2127 1627 2268 1667 ‘perso-

326 1689 426 1716 nam
442 1674 669 1715 exinanivit
688 1673 995 1728 quodammodo
1013 1672 1219 1717 ἠλάττωσε
1237 1672 1459 1713 minoravit
1470 1687 1484 1721 ,·
1506 1686 1592 1713 non
1608 1675 1773 1723 φυσικῶς
1796 1679 1840 1713 ἰιι
1857 1673 2038 1726 [ιιιῙθννθι
2055 1679 2268 1723 naturam,

329 1733 479 1774 mansit
511 1733 621 1774 enim
638 1745 743 1788 quae
763 1738 875 1780 erac;
892 1732 990 1786 qula
1014 1744 1098 1771 non
1112 1738 1241 1785 potest
1263 1731 1421 1772 φηκιιιανὶ
1438 1731 1603 1779 Deitas;
1625 1730 1694 1771 sed
1709 1733 1903 1781 σχετικῶς
1924 1731 2116 1773 assumed
2131 1744 2266 1772 carne.
2290 1756 2294 1762 -

325 1793 375 1833 El
406 1806 480 1845 per
511 1792 619 1832 hanc
649 1790 924 1832 oeconomiam
957 1790 1144 1831 Christus
1165 1790 1365 1831 Mediator
1381 1797 1449 1845 esc,
1468 1790 1552 1844 qud
1570 1790 1680 1832 Deus
1702 1789 1943 1830 incarnatus
1955 1804 1970 1838 ,·
1987 1802 2074 1830 non
2089 1803 2182 1830 vero
2195 1803 2272 1843 per

327 1857 524 1892 naturam
559 1850 642 1904 ([ιιίι
673 1850 801 1892 Deus.
834 1847 888 1889 V.
924 1848 1062 1890 Probe.
1094 1847 1162 1888 An
1195 1848 1421 1889 secundum
1450 1847 1760 1888 humanitatem
1777 1849 1806 1889 ἃ
1823 1848 1933 1901 quod
1951 1848 2003 1888 ad
2024 1847 2271 1898 ω]ἰι11ξιι]1,8ῐ

327 1909 436 1961 quod
459 1908 511 1949 ad
528 1922 675 1961 corpus
692 1907 868 1948 meritus
885 1907 940 1948 sit
956 1910 974 1948 Ρ
1007 1906 1129 1960 Resp.
1152 1905 1189 1947 1.
1208 1906 1239 1947 Α
1247 1909 1292 1962 ff.
1326 1906 1389 1947 De
1406 1906 1558 1947 merito
1576 1905 1838 1947 obedientiae
1855 1906 2068 1959 passivae:
2090 1905 2188 1959 quia
2205 1921 2271 1947 se-

328 1967 509 2008 cundum
526 1981 674 2020 corpus
690 1980 772 2006 non
790 1968 970 2014 tantum,
991 1965 1062 2006 sed
1080 1965 1208 2006 etiam
1226 1965 1452 2006 secundum
1471 1964 1655 2010 animani
1668 1964 1909 2005 immediate
1927 1964 1974 2018 (St
1991 1978 2074 2005 non
2091 1979 2165 2018 per
2181 1978 2270 2005 me-

330 2041 419 2066 ram
453 2024 737 2079 sympathiam
769 2038 864 2065 cum
896 2025 1083 2078 corpore)
1106 2026 1309 2077 tanquam
1331 2022 1516 2076 Sponsor
1533 2038 1607 2076 pro
1625 2022 1746 2063 nobis
1763 2037 1910 2075 passus
1929 2024 2004 2064 est.
2037 2021 2100 2063 De
2124 2037 2206 2075 quo
2227 2023 2272 2063 in

330 2085 484 2138 disput.
514 2091 655 2125 nostra
673 2083 722 2125 de
738 2083 904 2137 Ayonia
925 2081 965 2124 a·
982 2083 1206 2124 desertione
1232 2082 1394 2123 Christi.
1414 2083 1452 2123 2.
1471 2084 1503 2122 A
1510 2085 1556 2137 ff.
1575 2082 1624 2122 (le
1640 2080 1789 2121 merito
1812 2080 2074 2122 obedientiae
2097 2081 2270 2122 activae.

330 2142 461 2184 Nulla
480 2142 590 2183 enim
610 2145 672 2182 est
694 2141 933 2182 obedientia
951 2141 1101 2190 activa,
1120 2141 1261 2181 nullus
1279 2143 1395 2181 actus
1414 2139 1668 2189 meritorius,
1687 2139 1767 2179 nisi
1779 2138 1894 2180 Deus
1907 2139 2109 2194 diligatur
2121 2154 2171 2180 ex
2182 2142 2270 2180 toto

330 2201 462 2250 corde,
498 2202 563 2243 &Q
597 2200 740 2242 ΜαιιΙι.
766 2200 836 2241 22.
869 2199 944 2240 VI.
970 2199 1110 2242 Probl.
1145 2199 1213 2239 An
1232 2199 1359 2239 etiam
1377 2198 1603 2239 secundum
1622 2197 1806 2238 animam
1828 2200 2079 2251 separatam,
2097 2197 2140 2238 in
2159 2200 2272 2238 statu

331 2260 477 2300 mortis
513 2259 776 2308 existentem,
811 2259 840 2300 δι
873 2259 1099 2299 secundum
1132 2272 1282 2311 corpus
1314 2257 1357 2297 in
1375 2257 1519 2298 eodem
1538 2258 1679 2297 statu?
1713 2257 1831 2310 Hesp.
1864 2255 2063 2304 Quamvis
2081 2255 2272 2297 Christus

331 2318 497 2371 proprie
514 2320 613 2358 tunc
629 2332 711 2358 non
730 2316 916 2370 potuerit
933 2316 1013 2356 dici
1032 2316 1170 2366 homo,
1189 2315 1287 2369 quia
1303 2318 1446 2356 tamen
1463 2315 1662 2356 manebat
1679 2314 1776 2355 unio
1795 2314 2073 2368 hypostatica,
2093 2318 2119 2354 ὅτ
2137 2316 2272 2355 status

332 2376 403 2416 ille
420 2375 727 2416 humiliationis
747 2389 821 2428 pro
839 2375 959 2415 nobis
977 2377 1195 2428 susceptae
1213 2376 1377 2428 partem
1396 2388 1468 2414 seu
1486 2373 1663 2427 gradum
1681 2372 1795 2423 iacit,
1814 2374 1843 2415 ἃ
1861 2372 2052 2414 Christus
2069 2375 2168 2413 tunc
2180 2372 2272 2414 fue-

332 2434 388 2474 rit
409 2433 616 2474 Mediator
640 2448 686 2475 ac
709 2432 892 2487 Sponsor
911 2435 1064 2483 noster,
1084 2447 1131 2474 ac
1148 2447 1299 2473 munus
1319 2431 1613 2472 mediatorium
1635 2432 1745 2484 quod
1761 2431 1813 2472 ad
1830 2430 2160 2472 satisfactionem
2177 2433 2272 2472 actu

334 2495 530 2532 executus
562 2491 704 2543 fuerit,
721 2491 870 2545 ‚utique
887 2491 1128 2532 humiliatio
1146 2491 1220 2531 illa
1238 2490 1475 2531 voluntaria
1492 2492 1694 2543 tanquam
1716 2489 1856 2530 meriti
1873 2489 1960 2530 sive
1981 2503 2077 2543 pars
2093 2489 2180 2530 sive
2198 2504 2272 2542 ap-

335 2550 483 2602 pendix
514 2550 716 2603 requisita
748 2549 907 2590 censeri
930 2549 1064 2590 debet.
1099 2548 1195 2590 VII.
1233 2548 1435 2590 Problcm.
1470 2547 1538 2588 An
1561 2551 1657 2589 ante
1675 2547 2016 2589 constitutionem
2033 2548 2062 2589 δι
2079 2547 2274 2601 designa-

338 2607 495 2648 tionem
524 2609 575 2648 ad
596 2623 748 2649 munus
770 2607 1066 2649 mediatorium
1088 2607 1263 2648 meritus
1282 2607 1350 2648 sit.
1383 2608 1501 2661 Resp.
1523 2608 1620 2661 Neq.
1652 2605 1769 2647 VIII.
1790 2606 1916 2647 Proba
1962 2604 2028 2645 An
2046 2608 2140 2658 post
2155 2605 2274 2646 illam

337 2666 677 2706 constitutionem
696 2668 883 2719 tempore
901 2665 955 2707 V.
973 2665 1086 2706 Test.
1107 2680 1237 2719 usque
1255 2666 1307 2706 ad
1324 2665 1688 2706 incarnationem?
1719 2665 1837 2719 Resp.
1860 2663 1922 2705 De
1940 2663 2090 2704 merito
2107 2663 2274 2717 proprie

339 2724 367 2764 δι
385 2723 527 2764 stricte
546 2727 713 2778 accepto
730 2725 939 2781 affirmari
954 2724 1122 2778 nequit:
1142 2723 1249 2772 Quia
1266 2723 1451 2765 actiones
1468 2723 1735 2764 theandricas
1754 2737 1836 2763 non
1855 2721 1995 2772 edidit,
2015 2721 2167 2775 quibus
2185 2736 2273 2762 me-

338 2783 510 2822 reretur.
551 2781 702 2823 Verum
731 2785 873 2823 tamen
892 2785 955 2824 est
972 2797 1066 2824 eum
1089 2798 1132 2824 se
1149 2782 1389 2835 subjecisse,
1412 2782 1675 2837 suscipiendo
1698 2795 1847 2822 munus
1864 2779 2122 2830 Mediatoris‚
2141 2780 2170 2821 Sc
2187 2779 2275 2820 exi-

2154 2838 2274 2880 nani-
