2399 3084
560 136 719 179 D1sp.
752 136 1276 180 Χ1.Ι)ΕΞΛΒΒΛΤΗο
1310 154 1370 180 ΕΤ
1403 139 1632 182 ΕἘςτῐς.
1979 143 2062 184 333

120 258 332 301 andrinas
364 256 428 299 lib.
461 256 499 298 3.
537 257 771 314 Paedaqoqi
803 273 892 314 cap.
916 261 980 301 11.
998 260 1071 303 sab
1089 263 1228 317 finem.
1263 262 1520 315 Anqusanus
1539 262 1586 304 de
1607 276 1808 305 consensa
1825 264 2061 319 Eaanqelic.

120 315 185 358 lib.
211 316 248 357 2.
277 329 365 370 cap.
397 315 464 356 77.
497 316 526 356 δι
551 317 594 358 in
627 317 786 360 Psalm.
822 319 889 358 32.
910 319 939 360 a
958 326 1071 361 tras-t.
1093 321 1131 359 53.
1149 321 1193 361 ‘ia
1217 320 1465 362 Jolmmww.
1491 322 1672 375 Cyrillas
1690 322 2000 365 Alexandrinas
2017 325 2062 365 in

118 374 348 416 ‚Iohannem
385 374 450 415 lib.
487 376 523 415 8.
554 389 641 429 cap.
675 376 711 415 5.
743 375 850 424 Quin
873 378 901 418 ἃ
923 377 1003 430 ipsi
1023 378 1233 419 pontificii
1250 378 1450 419 Doctores
1465 382 1608 420 contra
1625 394 1720 421 suos
1738 380 1805 421 hic
1824 384 2060 423 contestan-

128 434 210 474 tur.
228 431 359 474 Ferus
377 432 419 473 in
442 432 576 474 Exodi
594 435 661 476 32.
681 434 790 476 Sedit
803 437 985 490 populus
1005 444 1047 478 uc
1063 437 1294 487 comederet,
1324 436 1363 478 a·
1380 437 1535 485 biberet,
1554 439 1735 480 surremit
1756 447 1889 481 autem
1911 441 2061 483 ludere.

131 489 206 533 Hic
237 491 317 545 fait
334 492 465 533 cultas
481 505 625 533 eoram
641 506 730 534 vere
748 493 1000 547 Pagyam‘aus,
1018 495 1090 549 qia
1111 502 1247 536 tamen
1264 495 1378 549 apud
1406 509 1481 536 nos
1502 509 1616 538 mmm
1632 498 1746 538 solus
1763 497 2001 540 observatur
2016 500 2059 540 in

127 549 262 591 Vestis.
300 550 412 593 Nihil
427 550 534 591 enim
555 551 672 592 alind
687 552 854 605 aqimus
872 552 917 593 in
937 553 1062 594 Vestis
1083 554 1249 594 nostris.
1284 554 1570 595 Bellarminas·
1592 556 1709 597 Cone.
1731 556 1768 595 (ἱ.
1789 557 1833 597 in
1851 557 2058 599 Dominio.

124 608 160 647 53.
196 608 420 657 Adventus,
444 607 483 649 a·
499 609 543 649 1η.
569 610 685 651 Cone.
706 610 745 650 9.
763 610 812 651 (le
828 611 1050 652 Domaniesi
1072 612 1350 667 Quinqaaqes.
1370 614 1513 665 aperte
1533 613 1574 653 in
1593 615 1758 654 easdem
1781 613 2059 656 Sabbathieas

124 667 398 708 recreationes
433 668 650 708 declamat.
686 667 839 709 Docuit
873 669 998 710 etiam
1026 670 1159 710 tristis
1184 671 1455 724 experientia,
1476 673 1748 725 &loquuntur
1770 676 1861 713 acta
1881 675 1908 715 ἃ
1926 674 2059 715 histo-

123 725 208 766 riae
233 725 508 780 Angliuanae,
535 729 739 780 quantum
774 727 921 782 religio
940 730 967 769 ἃ
986 728 1120 781 pietas
1138 728 1365 769 reformata
1384 744 1456 782 per
1475 730 1609 770 edicta
1627 731 1658 770 ἃ*
1671 732 1825 784 scripta
1842 747 1917 785 pro
1937 733 2060 773 liber-

122 785 208 824 tate
241 799 312 825 seu
334 784 503 824 licentia
515 784 760 826 chorearum
778 787 806 827 ἃ*
824 785 1024 827 similium
1043 787 1359 837 recreationum,
1384 788 1619 840 profecerit,
1644 789 1672 829 ἃ
1691 789 1874 843 Papatus
1892 791 2059 832 defece-

122 841 188 882 rit.
211 842 273 883 Ad
296 842 509 884 cumulum
527 843 719 884 miseriae
743 845 977 894 accedebat,
996 846 1106 899 quod
1129 846 1357 886 edictorum
1375 846 1543 887 illorum
1565 849 1586 887 e
1605 847 1812 888 Cathedra
1834 850 2060 902 praelectio

121 899 401 942 Ecclesiarum
426 900 672 942 Pastoribus
689 903 846 955 passim
864 903 1182 956 imponebatur:
1207 905 1308 944 adeo
1327 907 1373 944 ut
1389 903 1596 959 Episcopo
1615 906 1738 947 alicui
1758 907 2059 960 papaturienti,

121 961 193 999 aut
204 964 393 1011 κοσμινῴ,
415 961 743 1014 quandocunque
776 961 926 1002 liberet
948 963 1191 1003 mandatum
1210 963 1314 1003 illud
1333 963 1493 1016 exequi,
1512 964 1694 1017 proclive
1713 968 1820 1006 esset
1843 965 2059 1007 Ministros

120 1017 172 1058 ob
208 1017 326 1072 [pag.
363 1018 497 1073 1272]
531 1018 812 1060 Orthodoxiae
836 1022 908 1060 aut
925 1020 1096 1073 pietatis
1114 1021 1263 1071 zelum,
1283 1024 1356 1062 aut
1373 1036 1663 1076 quamcunque
1687 1023 1813 1063 aliam
1826 1024 1878 1065 ob
1891 1039 2059 1066 causam

120 1076 199 1117 sibi
220 1075 356 1117 minus
379 1079 521 1131 gratos
539 1077 701 1131 objecta
718 1078 950 1119 tentatione
973 1079 1279 1132 praelectionis,
1303 1080 1345 1120 in
1369 1094 1467 1120 casu
1483 1081 1755 1122 recusationis
1773 1082 1861 1123 1000
1879 1097 2058 1125 movere.

124 1133 280 1175 XVIII.
314 1134 378 1175 An
416 1135 599 1179 actiones
633 1136 662 1176 a
695 1137 932 1190 spectacula
950 1138 1269 1188 comoediarum,
1290 1139 1548 1179 concedenda
1577 1139 1693 1180 sint?
1719 1141 1834 1194 Hesp.
1854 1141 1937 1197 Aff.
1959 1141 2059 1182 Bal-

120 1193 270 1234 duinns
294 1193 352 1234 lib
376 1194 413 1233 2.
439 1193 621 1235 Casuum
643 1209 731 1248 cap.
752 1195 814 1235 13.
833 1195 908 1235 eal.
930 1196 968 1235 6.
993 1196 1106 1239 Nihil
1122 1196 1262 1247 obstat,
1299 1210 1380 1252 quo
1404 1197 1544 1239 mittas
1560 1198 1625 1239 aie
1647 1199 1864 1240 Dominico
1884 1201 2059 1254 spermri

116 1252 289 1305 possint,
307 1252 439 1308 finitis
456 1253 597 1303 sacris,
615 1254 852 1307 praesertim
877 1254 1066 1305 Biblieae,
1085 1268 1190 1310 quae
1206 1255 1391 1297 sensibus
1418 1256 1553 1297 animi
1568 1257 1721 1311 fortius
1738 1257 2057 1311 imprimamur,

119 1324 244 1364 qaam
278 1324 382 1365 quae
412 1324 486 1364 per
516 1324 640 1352 (neres
657 1312 946 1354 deminuatur.
978 1312 1067 1353 Nos
1091 1314 1139 1354 de
1162 1313 1394 1354 Comoediis
1418 1314 1521 1354 alibi
1540 1329 1589 1355 ex
1606 1315 1793 1368 professo
1816 1316 1993 1370 agimus,
2013 1318 2056 1358 in

119 1368 269 1424 Dispp.
298 1369 346 1411 cle
377 1370 554 1411 Excelsis
588 1370 750 1411 nitardi.
784 1369 887 1411 Cum
921 1374 1062 1411 autem
1094 1372 1178 1412 sint
1212 1387 1261 1412 ex
1279 1387 1421 1413 eorum
1439 1387 1626 1423 numero,
1645 1388 1751 1427 quae
1769 1375 1820 1415 ad
1836 1375 2057 1417 minimum

119 1431 268 1469 sonant
300 1428 344 1468 in
375 1428 556 1469 malum:
592 1428 768 1469 velimus
801 1429 951 1470 saltem
979 1429 1065 1470 dies
1087 1430 1329 1471 Dominicos
1348 1431 1400 1471 ab
1417 1431 1468 1472 iis
1486 1431 1692 1472 immunes
1711 1447 1812 1474 esse.
1846 1433 2057 1475 Ecclesiae

117 1486 314 1540 Belgicae
333 1486 403 1527 diu
419 1487 683 1541 multumque
700 1489 843 1528 contra
861 1488 1065 1541 ejusmodi
1081 1488 1393 1543 profanationes
1411 1490 1678 1531 laborarunt:
1697 1505 1779 1532 non
1797 1492 1885 1532 sine
1902 1491 2055 1533 fructu.

117 1544 167 1586 In
185 1544 359 1587 Biblicis
376 1545 601 1586 comoediis
624 1548 670 1586 ut
688 1546 916 1599 plurimum
934 1547 1136 1601 majorem
1155 1547 1390 1589 invenimus
1415 1547 1721 1599 difficultatem,
1740 1563 1865 1603 quam
1887 1550 1930 1590 in
1948 1551 2056 1601 aliis,

117 1618 223 1658 quae
256 1604 490 1646 saeculares
522 1604 719 1645 historias
738 1605 766 1646 &
785 1605 967 1646 actiones
985 1608 1315 1659 repraesentant,
1348 1606 1412 1647 De
1435 1621 1516 1660 quo
1534 1607 1577 1647 in
1598 1608 1750 1649 nostris
1766 1609 1916 1663 Dispp.
1934 1610 2056 1651 modo

117 1663 181 1704 cit.
214 1661 400 1704 Ministri
431 1663 554 1703 modo
591 1662 806 1704 Christum
828 1663 1072 1704 crucifixum
1103 1664 1176 1705 illo
1193 1664 1402 1718 imprimis
1429 1665 1494 1706 die
1512 1665 1597 1706 suis
1615 1669 1710 1706 ante
1733 1667 1872 1708 oculos
1890 1668 2055 1721 publice

116 1720 397 1775 privatimque
431 1735 480 1761 ex
511 1720 700 1762 fontibus
730 1720 900 1762 Israelis
933 1722 1185 1777 depingant;
1225 1724 1253 1765 δε
1270 1738 1437 1764 necesse
1458 1738 1539 1764 non
1559 1724 1638 1764 erit
1661 1739 1711 1765 ex
1727 1725 1892 1778 pumice
1911 1725 2054 1767 histri-

116 1794 244 1821 onum
267 1794 419 1833 aquam
437 1779 546 1819 vitae
570 1782 824 1833 exspectare.
842 1779 949 1820 Vide
975 1781 1108 1822 Galat.
1130 1782 1169 1822 3.
1197 1795 1298 1822 vers.
1319 1783 1358 1822 2.
1377 1796 1471 1822 cum
1489 1782 1528 1822 4.
1550 1796 1651 1823 vers.
1674 1783 1739 1822 19.
1761 1783 1790 1824 a
1817 1787 1847 1824 l.
1870 1785 2053 1826 Corinth.

118 1838 155 1880 1.
173 1852 275 1880 vers.
295 1838 482 1878 21-26.

176 1895 220 1940 3.
254 1896 596 1950 Respondeamus
627 1911 737 1937 nunc
758 1897 810 1937 ad
826 1896 1097 1939 Problemata
1115 1898 1276 1951 aliquot
1292 1898 1429 1953 magis
1445 1899 1711 1953 Pliilologica
1728 1902 1801 1940 aut
1817 1900 2052 1950 Historica;

115 1970 294 2010 quorum
324 1955 358 1996 I.
396 1954 465 1996 An
496 1955 607 2008 apud
642 1954 876 1996 Extraneos
913 1955 1042 1997 fuerit
1073 1956 1214 2009 aliqua
1247 1955 1454 1997 Sabbathi
1489 1957 1805 1999 hebdomadalis
1837 1959 2001 2010 notitia,
2026 1962 2055 2002 a

117 2014 257 2055 unde?
290 2015 407 2067 Hesp.
442 2013 492 2054 ad
514 2013 716 2067 primam,
748 2014 780 2055 A
788 2016 832 2070 ff.
851 2013 956 2055 illud
977 2016 1158 2056 Clemens
1176 2015 1485 2057 Alexandrinas
1503 2015 1698 2058 stromat.
1717 2017 1754 2056 5.
1770 2030 1868 2071 paq.
1887 2017 1984 2058 438.
2005 2032 2054 2059 ex

118 2072 313 2123 Hesiodo,
332 2071 529 2122 Homero,
549 2071 822 2122 Callimacho,
842 2086 948 2125 quae
968 2073 1111 2113 eadem
1129 2087 1178 2113 ex
1196 2072 1410 2114 Clemente
1427 2074 1624 2115 describit
1642 2074 1842 2116 Eusebius
1857 2089 2052 2130 praepar.

117 2132 317 2186 Eaaaqel.
360 2130 423 2173 lib.
459 2131 525 2170 13.
558 2144 644 2185 cap.
682 2131 748 2172 13.
781 2131 846 2171 Ex
875 2131 1176 2172 recentioribus
1194 2134 1425 2186 agnoscunt
1440 2132 1546 2172 illud
1570 2134 1832 2174 Mereerasin
1852 2135 1993 2176 Genes.
2014 2136 2052 2176 2.

118 2191 306 2240 Damus,
339 2189 542 2239 Amesias,
575 2189 647 2242 qui
669 2189 846 2230 videndi.
881 2189 1035 2230 Contra
1070 2191 1278 2232 Gomarns
1309 2203 1396 2244 cap.
1423 2192 1459 2231 4..
1479 2191 1527 2231 de
1542 2190 1758 2239 Sabbatha,
1779 2205 1877 2246 paq.
1895 2193 1963 2233 42.
1983 2193 2052 2234 43.

119 2248 306 2302 disputat
320 2247 600 2288 hallucinatos
622 2247 664 2287 in
683 2262 729 2288 eo
748 2247 1005 2289 Clementem
1024 2248 1053 2289 δε
1070 2248 1314 2289 Eusebium.
1349 2248 1430 2289 Sed
1447 2249 1655 2290 Heralclas
1667 2250 1722 2290 ad
1749 2250 2052 2293 Tertullianum

117 2308 276 2362 apology.
294 2320 368 2360 cap
403 2307 455 2346 16
504 2307 532 2347 δε
548 2308 644 2358 post
660 2305 782 2346 illum
799 2307 986 2348 Amesias
1003 2307 1154 2360 disput.
1174 2306 1221 2348 cle
1237 2306 1451 2357 sabbatho,
1483 2307 1690 2361 imprimis
1711 2309 1873 2350 Rivelas
1890 2309 2052 2351 dissert.

117 2366 166 2406 (Ie
200 2364 368 2420 Oriyine
399 2363 593 2406 sabbathi
622 2377 710 2418 cap.
745 2365 782 2405 5.
819 2365 1028 2406 advocatis
1047 2365 1225 2405 aliorum
1245 2365 1511 2413 testimoniis,
1534 2366 1684 2419 probat
1701 2366 1810 2406 diem
1827 2367 2052 2420 septimum

119 2423 357 2464 Gentilibus
380 2422 508 2463 fuisse
535 2435 710 2463 sacrum.
745 2422 863 2464 Adde
884 2423 914 2464 &
931 2422 1263 2464 Mahumedistas
1281 2422 1545 2464 Sabbathum
1563 2423 1864 2465 hebdomadale
1887 2439 2052 2467 servare

119 2482 183 2522 die
201 2481 392 2532 Veneris,
410 2480 520 2534 quod
541 2480 584 2520 in
605 2480 727 2521 illum
742 2480 936 2522 inciderit
951 2481 1055 2535 fuga
1073 2480 1334 2522 Mahomedis
1357 2496 1406 2522 ex
1436 2480 1603 2531 Mecha3
1625 2483 1732 2523 unde
1749 2482 2052 2525 hebdomadem

118 2540 148 2581 St
185 2555 342 2581 annum
372 2553 495 2580 suum
530 2538 625 2579 inde
657 2538 867 2580 inchoant.
901 2539 958 2580 Et
991 2542 1053 2579 est
1083 2539 1187 2580 haec
1208 2540 1438 2580 communis
1455 2539 1542 2581 fere
1560 2540 1767 2580 sententia
1784 2555 1867 2581 non
1883 2544 2051 2583 tantum

116 2597 304 2649 Patrum,
338 2612 440 2651 quos
458 2597 560 2638 citat
577 2597 755 2648 Raetus,
779 2597 849 2638 sed
866 2599 894 2639 δι
911 2597 939 2638 J
942 2598 1180 2648 udaeorum,
1205 2597 1276 2651 qui
1293 2598 1529 2652 gloriantur
1550 2598 1776 2652 septimum
1793 2599 1902 2640 diem
1918 2600 2051 2642 inter·
2108 2600 2114 2604 ⁶

117 2657 228 2710 ipsos
261 2655 450 2697 Gentiles
481 2655 686 2696 celebrem
719 2655 863 2697 fuisse.
896 2655 1003 2696 Vide
1034 2658 1201 2708 praeter
1230 2656 1451 2710 Josephum
1470 2656 1498 2696 δι
1518 2656 1738 2698 Philonem
1754 2658 1806 2697 ab
1827 2658 2004 2700 Heraldo
2022 2661 2052 2701 ἅτ

117 2715 276 2756 Amesio
307 2714 371 2757 eil.
403 2713 674 2754 recentiorem
708 2712 915 2754 Judaeum
941 2715 976 2755 R
1014 2713 1130 2755 Isaac
1146 2713 1289 2754 Atiam
1308 2716 1331 2754 a
1348 2715 1485 2756 Rivelo
1502 2715 1564 2756 cil.
1584 2715 1613 2756 δῦ
1633 2716 1678 2757 R.
1698 2715 1850 2757 Elialm
1882 2715 2051 2758 Vitalem

117 2773 186 2813 cit.
221 2775 243 2814 a
276 2773 458 2814 Mena-sse
487 2771 562 2813 ben
583 2772 712 2812 Israel
726 2784 795 2826 qu.
816 2772 883 2811 35.
902 2772 947 2813 in
963 2772 1094 2813 Eaeod.
1115 2771 1178 2812 Ad
1197 2773 1423 2814 secmzaam
1441 2773 1558 2827 Resp.
1575 2787 1658 2814 non
1674 2773 1807 2814 videri
1828 2773 1906 2815 hoc
1924 2775 2050 2816 colle-

117 2830 228 2884 gisse
252 2829 440 2872 Gentiles
457 2845 506 2871 ex
524 2829 681 2870 lumine
701 2843 772 2870 seu
791 2828 1023 2884 Theologia
1041 2831 1238 2882 naturali,
1272 2830 1343 2870 sed
1361 2845 1410 2871 ex
1427 2831 1616 2884 reliquiis
1633 2831 1844 2873 doctrinae
1860 2832 2050 2873 Patriar-

1877 2890 2050 2931 charum
