2399 3084
332 89 414 130 250
555 89 688 132 DISP.
720 89 793 132 IX.
828 90 898 132 DE
931 90 1099 133 Sum]
1130 90 1440 135 ELECTORUM
1474 106 1598 134 ANTE
1633 91 2047 137 CONVERSIONEM.
2089 132 2093 135 .

329 214 437 255 alem
455 213 638 267 gratiam
657 213 852 267 dicimus)
870 216 1073 268 tanquam
1091 215 1264 266 semine,
1287 215 1438 267 radice,
1457 217 1486 258 81
1503 216 1709 270 principio
1727 232 1802 258 suo
1822 216 2005 259 elicitivo
2024 216 2275 259 derivamus.

331 272 368 312 8.
393 272 449 312 Et
468 271 586 327 [pag.
611 272 719 327 406]
749 272 808 314 sic
840 275 864 314 a
900 273 1085 315 motibus
1107 274 1395 328 reproborum,
1429 276 1499 330 (an
1532 275 1659 316 etiam
1694 277 1718 316 a
1747 276 1932 318 motibus
1950 276 2177 317 electorum
2194 291 2277 318 non

330 330 618 384 regenitorum
652 330 695 371 in
716 330 910 383 infantia,
942 331 1054 373 infra
1070 332 1210 387 Disp.)
1236 332 1372 374 forma
1389 334 1418 376 a
1436 333 1573 387 specie
1596 334 1814 376 distinctos
1832 350 1921 377 esse
1940 335 2129 376 dicimus.
2163 333 2275 383 Quo-

332 403 463 443 usque
503 389 630 430 etiam
663 390 833 444 reprobi
866 391 943 431 sub
962 391 1175 432 schemate
1194 391 1385 433 formalis
1407 392 1676 447 hypocriseos
1699 394 1873 447 provehi
1899 394 2074 448 possint,
2093 409 2143 435 ex
2157 396 2277 448 parte

328 447 543 489 docuimus
575 449 616 489 in
650 449 772 504 Disp.
796 450 845 491 de
872 449 1056 504 simplic.
1077 450 1110 492 ἃ
1136 451 1372 506 Hypocrisi.
1398 450 1599 506 Compleoe
1615 467 1837 494 conversus
1856 455 1919 494 est
1936 453 2102 507 dupleX,
2120 453 2187 494 vel
2204 452 2277 506 qui

329 507 547 549 suecessit-e
569 508 621 548 ab
640 507 821 549 infantia
838 511 1028 550 mutatur
1050 509 1079 550 &
1098 524 1172 563 per
1189 509 1422 551 ordinarios
1445 525 1492 551 ac
1514 511 1778 553 continuatos
1803 514 1920 553 actus
1942 512 2167 553 secundum
2188 526 2274 553 mo-

329 566 474 606 dulum
497 567 526 608 &
548 581 623 620 pro
645 567 808 609 ratione
831 568 1054 609 crescentis
1068 568 1216 622 judicii
1232 568 1456 620 infantilis,
1479 569 1667 623 puerilis,
1686 572 1715 613 &
1732 570 1791 611 sic
1808 571 2001 625 deinceps
2017 570 2203 624 procedit
2225 571 2277 611 ad

328 625 578 678 completam
614 640 686 666 seu
724 626 950 667 formatam
988 627 1084 668 novi
1118 627 1302 668 hominis
1325 628 1643 682 dispositionem
1681 630 1710 671 81
1741 628 1949 670 habitum.
1984 629 2129 678 Qualis
2152 644 2187 670 e.
2209 643 2274 683 gr.

330 683 516 734 Samuel,
535 683 799 737 Timotheus,
823 685 852 726 81
870 685 1029 726 similes
1064 686 1136 739 qui
1156 687 1306 741 jugum
1324 687 1481 728 domini
1499 689 1522 728 a
1543 688 1725 741 pueritia
1742 691 1910 742 portare
1929 688 2175 729 didicerunt.
2194 687 2277 729 Vel

329 742 400 795 qui
431 757 506 796 per
538 743 832 786 simultancam
871 743 911 786 a·
943 744 1127 785 subitam
1146 745 1426 787 mutationem
1443 746 1485 787 in
1504 746 1648 787 adulta
1671 750 1744 788 aut
1766 747 1914 789 effecta
1931 749 2083 793 aetate.
2103 749 2176 788 aut
2198 746 2274 788 sub

327 802 454 842 finem
487 801 599 843 vitae
632 805 902 844 convertitur.
937 802 1081 851 Qualis
1113 819 1196 845 11011
1233 819 1457 846 conversus
1490 808 1553 846 est
1581 805 1749 860 triplex.
1787 806 1823 846 1.
1853 809 1971 848 extra
1988 806 2134 847 foedus
2151 808 2276 846 natus

331 861 359 902 &
398 860 611 912 educatus,
637 861 704 903 cui
721 862 847 903 simul
865 877 1006 903 semen
1024 863 1355 917 regenerationis
1375 865 1403 906 81
1421 864 1638 917 dispositio
1661 880 1734 906 seu
1750 865 1922 906 habitus
1944 865 2041 906 fidei
2060 879 2107 906 ac
2124 864 2274 918 resipi-

327 919 510 960 scentiae
543 935 618 973 per
651 921 963 962 conversionem
1001 921 1273 975 imprimitur.
1309 923 1347 962 2.
1381 922 1431 963 111
1457 922 1625 964 foedere
1643 926 1768 965 natus
1786 924 1815 965 81
1837 923 2020 964 infantia
2035 923 2275 978 regenitus3

331 978 402 1018 sed
435 978 477 1018 in
502 979 645 1020 eodem
670 979 842 1020 minime
861 980 1072 1029 educatus,
1102 996 1178 1021 nec
1199 981 1243 1021 in
1260 981 1518 1035 professione
1537 983 1625 1036 ejus
1643 982 1800 1033 vivens,
1820 983 1890 1024 sed
1907 983 1949 1023 in
1973 982 2273 1036 Epicureismo,

331 1039 404 1077 aut
418 1036 730 1089 Libertinismo,
750 1041 823 1079 aut
835 1038 1113 1089 Ethnicismo,
1128 1042 1200 1080 aut
1217 1039 1436 1081 Turcismo
1454 1040 1519 1081 &c.
1538 1040 1587 1081 In
1605 1041 1684 1082 hoc
1702 1041 2043 1095 praesuppositae
2067 1056 2139 1083 seu
2156 1055 2276 1094 prae-

328 1095 590 1137 introductae
610 1112 683 1151 per
710 1097 1073 1149 regenerationem
1096 1097 1292 1139 facultati
1315 1114 1387 1140 seu
1406 1099 1536 1140 radici
1552 1099 1725 1141 habitus
1749 1115 1821 1141 seu
1839 1100 2056 1154 dispositio
2075 1099 2271 1153 superad-

329 1154 453 1204 ditur,
488 1156 517 1197 &
550 1170 599 1195 ex
633 1156 827 1196 seminali
854 1156 930 1197 illa
956 1157 1147 1210 potentia
1165 1172 1239 1211 per
1256 1156 1366 1211 Spir.
1386 1156 1426 1199 S.
1447 1158 1686 1200 suscitatur.
1721 1160 1761 1200 3.
1793 1158 1843 1199 In
1861 1159 2027 1200 foedere
2047 1160 2076 1201 &
2098 1161 2223 1199 natus
2244 1158 2273 1199 &

330 1213 544 1264 educatus,
563 1214 689 1267 inque
708 1215 796 1269 e]'us
814 1215 1073 1269 professione
1096 1216 1261 1266 vivens3
1286 1217 1357 1258 sed
1376 1217 1490 1258 omni
1512 1232 1610 1258 vera
1632 1217 1712 1258 fide
1730 1217 1759 1259 &
1777 1218 1819 1258 vi
1841 1217 2012 1271 pietatis
2031 1217 2273 1268 destitutus,

329 1272 418 1312 sola
445 1273 534 1326 ejus
567 1274 756 1324 μερφὼσεζ
774 1276 1008 1325 contentus,
1029 1275 1185 1329 quippe
1208 1290 1372 1317 crassus
1396 1279 1469 1317 aut
1486 1276 1653 1317 subtilis
1671 1276 1893 1331 hypocrita
1911 1291 2042 1330 usque
2062 1277 2113 1317 ad
2130 1275 2273 1317 effica-

329 1345 418 1371 cem
455 1331 780 1373 conversionem.
815 1333 872 1373 Et
903 1333 1001 1374 huic
1033 1334 1396 1389 regenerationem
1429 1335 1472 1375 in
1506 1350 1548 1376 se
1570 1335 1745 1376 habenti
1768 1335 1940 1377 habitus
1960 1337 2033 1376 aut
2056 1334 2274 1388 dispositio

330 1389 629 1443 superinditur.
663 1390 793 1432 Porro
817 1392 1041 1434 simullcme
1071 1396 1091 1434 ie
1123 1408 1345 1434 conversus
1372 1393 1649 1447 distinguitur
1666 1394 1709 1434 in
1727 1410 1822 1435 eum
1840 1394 1911 1447 qui
1931 1393 2274 1444 extraordinario,

333 1449 361 1489 ἃ
390 1448 432 1488 in
472 1463 566 1488 eum
604 1449 677 1503 qui
709 1451 920 1491 ordinario
938 1451 1208 1492 convertitur.
1244 1453 1311 1494 Ille
1334 1455 1396 1493 est
1413 1453 1485 1506 qui
1503 1453 1705 1493 adhibitis
1728 1452 2071 1494 extraordinariis
2089 1452 2221 1506 signis
2247 1453 2275 1494 Sa

331 1507 658 1549 circumstantiis
680 1508 722 1549 in
741 1509 917 1550 instanti
937 1513 1010 1551 aut
1026 1510 1275 1552 brevissimo
1292 1514 1479 1564 tempore
1503 1514 1692 1552 mutatur
1714 1513 1742 1554 &
1759 1512 2005 1566 provehitur
2034 1512 2085 1552 ad
2102 1511 2275 1552 tertium

331 1565 518 1606 ordinem
536 1582 608 1607 seu
627 1568 805 1621 gradum
825 1583 1132 1610 conversorum.
1167 1570 1343 1618 Qualem
1363 1585 1424 1610 ex.
1439 1585 1503 1625 gr.
1521 1573 1719 1624 putamus
1738 1570 1868 1611 fuisse
1884 1570 2078 1611 Paulum.
2113 1571 2190 1611 Iste
2213 1571 2275 1610 est

331 1624 402 1677 qui
436 1625 657 1667 ordinariis
689 1630 885 1668 externae
906 1628 1139 1669 vocationis
1161 1629 1309 1670 inediis
1328 1629 1453 1670 fidem
1485 1631 1513 1671 &
1531 1629 1864 1683 resipiscentiam
1882 1629 2082 1670 divinitus
2100 1628 2276 1682 impres-

331 1698 396 1723 sas
415 1683 577 1737 recipit,
591 1685 620 1726 81
638 1686 863 1727 secundum
883 1701 951 1727 eas
970 1689 1086 1728 actus
1103 1687 1386 1742 homogeneos
1410 1689 1438 1730 &
1456 1689 1659 1729 formatos
1680 1688 1881 1729 eliciendo
1899 1689 1948 1729 de
1966 1688 2099 1743 gradu
2117 1687 2161 1728 in
2178 1701 2273 1742 gra-

331 1742 428 1782 dum
451 1742 593 1784 ordine
611 1745 868 1797 provehitur.
903 1744 1010 1786 Sunt
1042 1748 1184 1787 autem
1201 1747 1356 1801 gradus
1375 1762 1447 1787 seu
1465 1747 1630 1788 ordines
1648 1746 1835 1787 fidelium
1854 1761 2151 1788 conversorum
2173 1749 2274 1786 tres.

334 1801 505 1842 Prifflaets
523 1805 586 1842 est
602 1803 894 1857 incipientium
912 1819 985 1845 seu
1003 1804 1232 1846 infantium
1252 1805 1291 1847 1.
1311 1806 1493 1848 Corinth.
1509 1807 1547 1847 3.
1569 1806 1605 1847 1.
1627 1807 1665 1846 2.
1686 1806 1724 1847 3.
1744 1806 1837 1846 coll.
1858 1821 1950 1846 cum
1987 1807 2025 1847 1.
2046 1805 2160 1848 Petr.
2179 1806 2217 1846 2.
2237 1806 2273 1844 l.

331 1859 451 1900 Ilebr.
490 1861 554 1901 152.
590 1861 629 1903 {r
661 1862 698 1902 0.
736 1863 771 1902 1.
793 1863 1007 1905 Secundus
1026 1866 1089 1904 est
1106 1864 1414 1918 proficientium
1433 1880 1506 1906 seu
1524 1864 1850 1906 adolescentium
1871 1865 2059 1919 Philipp.
2081 1864 2118 1905 1.
2143 1864 2182 1905 9.
2204 1863 2270 1905 10.

337 1919 495 1960 Ternas
514 1922 577 1960 est
608 1920 904 1974 perfectorum,
942 1922 1137 1973 virorum,
1165 1924 1194 1965 Sz
1217 1923 1502 1977 spiritualium
1524 1924 1559 1964 1.
1582 1924 1765 1965 Corinth.
1787 1925 1824 1963 3.
1849 1924 1886 1966 1.
1907 1923 2024 1965 Hebr.
2046 1923 2083 1962 5.
2106 1923 2171 1963 13.
2206 1922 2270 1963 15.

334 1978 513 2032 Philipp.
534 1980 573 2019 3.
595 1980 660 2020 153.
688 1980 755 2021 16.
773 1980 925 2022 Confer
942 1981 1048 2035 disp.
1074 1981 1121 2023 [Ic
1143 1983 1446 2036 regeneratione
1458 1990 1568 2037 parc.
1590 1983 1628 2023 2.
1655 1983 1698 2023 ιή
1715 1984 1810 2039 fine.

392 2034 434 2079 3.
470 2036 549 2077 His
582 2039 865 2093 praecognitis
899 2040 1133 2093 explicatur
1164 2041 1320 2094 triplex
1354 2044 1488 2083 status
1508 2042 1736 2082 electorum
1756 2043 1852 2081 ante
1876 2041 2097 2090 actualem,
2115 2039 2272 2080 forma-

333 2095 428 2138 lem.
461 2097 490 2137 ἃ
513 2097 765 2151 completam
783 2099 1094 2140 conversionem
1113 2114 1290 2153 quorum
1323 2099 1354 2140 Ι.
1380 2102 1690 2159 estpleclormn,
1709 2100 1778 2141 sed
1800 2113 1870 2141 nec
1885 2101 2189 2154 foederatormn
2207 2112 2278 2159 nec

336 2155 609 2207 reffemiorzmz
641 2157 684 2197 in
716 2157 911 2211 [wlfinum.
944 2157 985 2198 Is
1003 2158 1252 2199 describitur
1268 2162 1358 2199 tum
1375 2172 1453 2196 κατ
1486 2159 1605 2206 ἄρσιν,
1637 2161 1728 2199 tum
1751 2157 1855 2196 κατὰ
1875 2158 1997 2196 θέο-έν.
2018 2158 2166 2200 Primo
2183 2171 2262 2195 κκτ

331 2211 440 2260 ἇβσίν
458 2213 523 2269 his
542 2215 771 2256 attributis.
810 2217 846 2257 1.
866 2216 975 2269 (1110(1
996 2232 1078 2257 11011
1096 2217 1180 2257 sint
1197 2217 1333 2258 vocati
1351 2221 1533 2258 externe.
1554 2218 1592 2257 2.
1617 2218 1726 2270 quod
1744 2220 2045 2270 consequenter
2062 2216 2178 2257 nulla
2195 2216 2276 2256 fide

333 2274 405 2311 aut
438 2272 728 2326 resipiscentia
762 2274 846 2315 sint
878 2275 1072 2328 praediti.
1107 2277 1146 2317 3.
1179 2274 1297 2324 Quod
1314 2291 1396 2316 non
1419 2276 1502 2316 sint
1520 2276 1639 2331 [pag
1656 2275 1761 2330 407]
1781 2275 1889 2316 uniti
1913 2275 2092 2316 Christo.
2128 2275 2166 2315 4.
2185 2273 2275 2315 Nec

328 2329 546 2382 justificati
580 2335 652 2372 aut
686 2333 956 2381 reconciliati,
980 2334 1144 2387 passive
1177 2334 1266 2376 scil.
1295 2335 1333 2376 5.
1367 2334 1484 2382 Quod
1518 2335 1785 2388 adoptionem
1807 2349 1879 2374 seu
1896 2335 2080 2378 ὴοὲεσὶκν
2097 2348 2179 2374 non
2192 2333 2277 2373 sint

333 2388 486 2442 adepti.
522 2390 560 2430 6.
594 2390 713 2439 Quod
734 2406 808 2445 per
826 2406 1081 2445 consequens
1098 2408 1180 2433 non
1200 2393 1284 2434 sint
1301 2393 1527 2447 glorificati
1556 2392 1879 2447 (glorificatione
1909 2392 1996 2433 scil.
2016 2391 2213 2433 inchoata
2231 2391 2274 2431 in

333 2446 411 2487 hac
443 2447 561 2501 vita),
594 2464 668 2490 nec
701 2451 913 2504 gaudeant
931 2451 1125 2492 libertate
1144 2451 1396 2502 Christiana,
1421 2451 1700 2506 &privilegiis
1717 2451 1899 2492 filiorum
1922 2450 2014 2491 Dei.
2052 2451 2087 2490 7.
2111 2449 2272 2504 Specia-

333 2504 430 2545 liter
447 2507 555 2558 quod
568 2522 649 2548 non
670 2508 754 2549 sint
776 2509 911 2550 amici.
933 2509 971 2550 8.
992 2508 1110 2558 Quod
1128 2525 1208 2551 non
1228 2510 1464 2564 acceperint
1485 2510 1765 2551 arrhabonem
1783 2508 1977 2563 Spiritus,
1996 2523 2071 2549 nec
2088 2509 2274 2550 habeant

334 2577 477 2615 pacem
512 2567 619 2618 apud
647 2566 784 2608 Deum
817 2568 860 2608 in
892 2568 1158 2609 conscientia.
1192 2569 1231 2609 9.
1266 2569 1383 2618 Quod
1402 2569 1514 2610 mala
1535 2569 1638 2623 ipsis
1655 2583 1735 2609 non
1754 2570 2027 2622 cooperentur
2043 2567 2084 2607 in
2102 2567 2273 2618 bonum,

335 2636 408 2660 nec
431 2637 588 2675 poenae
611 2624 639 2665 ἃ
658 2625 864 2667 vindictae
881 2626 961 2667 Dei
979 2627 1171 2668 desinant
1194 2627 1295 2681 ipsis
1318 2627 1552 2669 formaliter
1573 2628 1679 2668 tales
1698 2642 1800 2677 esse,
1833 2627 1983 2667 saltem
2000 2625 2043 2665 in
2062 2641 2184 2666 sensu
2201 2625 2272 2679 ip—

335 2694 487 2720 sorum.
525 2681 591 2722 10.
623 2683 827 2736 Breviter,
860 2685 968 2738 quod
1001 2686 1118 2727 nulla
1135 2701 1353 2736 renovans,
1373 2687 1401 2728 &
1418 2686 1643 2728 efficaciter
1661 2688 1904 2727 convertens
1922 2684 2115 2738 specialis
2133 2684 2273 2738 gratia

335 2737 421 2777 sive
450 2739 586 2791 prima
619 2741 704 2783 sive
737 2744 917 2784 secunda
946 2743 1048 2797 ipsis
1065 2745 1297 2799 contingat.
1317 2744 1371 2785 ΙΙ.
1401 2744 1511 2786 Hinc
1528 2747 1746 2799 peccatum
1763 2744 1806 2784 in
1823 2743 1925 2797 ipsis
1943 2742 1998 2783 sit
2019 2757 2223 2797 regnans,
2243 2743 2272 2784 81

334 2796 499 2837 nullum
532 2798 586 2839 sit
611 2802 697 2840 tam
730 2801 997 2851 horrendum,
1031 2802 1072 2842 in
1093 2803 1203 2857 quod
1221 2818 1302 2844 non
1321 2806 1496 2857 possunt
1513 2804 1693 2844 incidere
1713 2806 1812 2858 (quo
1829 2801 1978 2843 referri
1994 2804 2133 2856 potest
2151 2801 2271 2844 Rom.

2142 2860 2179 2900 5.
2203 2859 2272 2902 20.
