2399 3084
561 77 1625 121 D1sp.X11.DnLEGEETEUANGEmo.
1982 79 2066 120 353

123 202 211 243 8011.
240 200 462 250 excitante,
487 201 516 242 81
534 199 940 254 praedeterminante
963 199 1102 254 gratia
1129 198 1326 252 secunda)
1346 198 1520 239 1111101118
1539 213 1612 253 per
1630 214 1715 248 nos,
1735 201 1763 242 81
1786 200 1946 241 anobis
1968 216 2063 254 pro-

125 260 345 308 ducendos,
379 261 475 300 sunt
512 258 768 300 conditiones
796 259 825 300 81
858 257 1102 312 dispositiva
1129 260 1297 298 actuum
1316 257 1594 311 sequentium,
1618 260 1708 298 tum
1727 258 1835 311 quod
1855 258 1906 299 ad
1925 274 2064 300 essen-

123 319 228 360 tiam
250 332 407 368 eorum,
426 319 516 358 tum
539 317 648 371 quod
675 317 726 358 ad
744 316 1026 371 quantitatem
1044 316 1279 365 discretam,
1297 318 1392 356 tum
1411 316 1519 369 quod
1543 316 1594 356 ad
1626 317 1905 369 quantitatem
1930 317 2062 358 virtu-

123 376 193 428 tis,
211 391 283 418 seu
302 376 413 430 quod
434 377 487 417 ad
503 376 657 430 gradus
675 377 704 418 81
722 375 1038 416 incrementum.
1074 373 1166 415 Huc
1183 373 1285 414 facit
1303 373 1408 415 illud
1427 374 1569 415 ΜιιΙιΙι.
1594 375 1658 415 13.
1680 375 1865 416 Habenti
1884 375 2064 426 dabitur,

125 436 154 478 81
172 435 282 477 Phil.
301 435 340 475 2.
358 448 395 475 v.
418 435 484 475 12.
513 436 577 474 13.
598 433 751 475 Confer
768 433 988 475 cateclzesin
1004 447 1071 488 qa.
1106 433 1195 473 116.

182 492 237 535 Π.
275 493 408 535 Concl.
442 492 488 533 Si
520 492 803 533 consideretur
820 491 1040 546 promissio
1073 491 1226 540 divina,
1257 490 1462 543 quaedam
1481 493 1544 531 est
1567 491 1770 541 absoluta,
1792 494 1996 544 quaedam
2014 492 2066 532 11-

124 551 274 593 mitata
291 566 363 592 seu
385 551 588 592 restricta.
609 550 803 592 Absoluta
820 547 884 592 est
900 549 964 590 vel
982 549 1175 590 absoluta
1197 549 1248 590 ab
1267 549 1536 590 antecedente
1555 565 1627 590 seu
1645 550 1774 603 priori
1791 550 2064 603 promissione

125 610 265 652 divina
287 609 373 651 sive
392 610 441 650 de
459 608 578 650 nobis
596 609 681 650 sive
700 609 742 649 in
760 608 878 649 nobis
896 607 1129 661 implenda:
1149 607 1212 648 vel
1232 607 1426 648 absoluta
1443 607 1495 648 ab
1513 608 1626 648 omni
1644 609 1784 649 addita
1802 608 2064 649 restrictione

126 670 155 711 81
186 668 506 718 modificatione,
540 667 649 721 quod
676 667 727 708 ad
760 681 848 708 rem
882 666 1143 720 promissam.
1181 666 1342 707 Prioris
1357 666 1517 720 yenere's
1539 667 1731 707 absoluta
1749 667 1968 720 promissio
1987 669 2065 716 est,

126 727 191 768 vel
208 727 257 767 de
274 726 394 767 nobis
412 726 636 780 implenda,
655 728 714 776 ut,
734 726 782 766 de
799 725 995 766 missione
1014 724 1269 773 mediatoris,
1288 725 1336 765 de
1350 724 1643 778 impetratione
1657 725 1804 766 salutis
1823 740 1896 778 per
1915 728 2063 778 ipsum:

126 785 192 827 vel
223 785 268 825 in
295 784 415 825 nobis
442 784 668 838 implenda,
697 784 820 837 idque
853 785 926 824 aut
962 783 1051 823 sine
1086 783 1206 823 nobis
1233 787 1306 823 aut
1328 797 1421 823 cum
1440 783 1575 823 nobis.
1612 784 1726 825 Illius
1744 783 1981 837 exemplum
2001 786 2064 823 est

126 842 345 898 promissio
372 843 420 884 de
454 842 735 896 applicatione
763 841 926 892 salutis,
949 841 1029 882 1100
1062 843 1124 882 est
1152 841 1200 882 de
1218 841 1352 882 dando
1371 841 1522 895 spiritu
1535 856 1654 892 novo,
1673 842 1792 883 corde
1811 856 1973 892 carneo,
1992 855 2064 882 scu

127 903 175 943 de
202 901 403 943 effusione
430 901 602 955 spiritus
630 900 931 955 regenerantis,
951 899 980 941 &
1002 899 1212 941 infusione
1232 899 1348 940 fidei:
1373 901 1491 941 iscius
1514 900 1748 953 exemplum
1768 903 1829 941 est
1848 899 2068 954 promissio

127 961 176 1001 de
209 959 522 1002 continuatione
553 960 582 1001 81
615 958 925 1013 perseverantia
956 958 1066 999 fidei.
1100 958 1347 1000 Posterioris
1367 959 1527 1013 yenerls
1544 959 1737 999 absoluta
1753 958 1973 1012 promissio
1991 961 2067 1008 est,

127 1033 234 1073 quae
260 1032 343 1059 non
360 1017 631 1071 restringitur
651 1032 725 1071 per
742 1017 926 1058 additam
944 1016 1183 1067 formulam,
1202 1017 1236 1057 si
1253 1017 1366 1058 Deus
1385 1018 1499 1067 velit,
1519 1020 1591 1058 aut
1608 1017 1643 1057 si
1655 1019 1710 1058 Sit
1729 1017 1924 1067 salutare,
1943 1019 2015 1057 aut
2032 1016 2068 1057 si

127 1078 183 1118 sit
214 1077 266 1117 ad
297 1076 474 1131 gloriam
510 1075 602 1116 Dei.
637 1076 694 1116 Et
726 1076 783 1116 810
800 1075 914 1116 Deus
931 1075 1142 1129 promittit
1158 1075 1298 1116 omnia
1315 1076 1366 1116 ad
1383 1076 1562 1116 salutem
1579 1075 1764 1129 praecise
1781 1090 1854 1116 seu
1877 1076 2067 1116 absolute

127 1135 372 1176 necessaria.
408 1135 602 1176 Limnaia
629 1149 701 1175 seu
723 1134 916 1175 restricta
937 1149 1010 1187 per
1027 1134 1165 1187 ipsum
1186 1134 1407 1188 promissio
1426 1137 1500 1182 est,
1520 1149 1648 1188 quum
1667 1133 1780 1188 Deus
1799 1134 1957 1187 aliquid
1974 1148 2066 1187 pro-

128 1193 260 1234 mittit
292 1207 386 1234 cum
404 1192 592 1233 clausula
610 1193 796 1233 salutari.
833 1191 902 1233 Sic
918 1192 1021 1233 istas
1040 1194 1112 1233 aut
1129 1192 1231 1233 istas
1250 1193 1406 1246 species
1425 1207 1563 1233 rerum
1582 1192 1890 1245 temporalium,
1916 1206 2066 1245 easque

128 1255 248 1293 tanta
265 1266 461 1293 mensura
479 1254 551 1292 aut
569 1251 730 1291 tamdiu
749 1250 972 1304 promittit,
987 1250 1064 1291 sub
1077 1251 1266 1292 clausula
1278 1251 1466 1292 salutari.
1486 1251 1650 1291 Pariter
1662 1250 1872 1304 promittit
1885 1251 2067 1304 gratiam

129 1310 357 1351 salutarem
375 1310 485 1363 quod
502 1310 553 1350 ad
571 1309 761 1363 gradum,
780 1310 808 1351 &
831 1309 1001 1350 modum
1017 1309 1129 1350 hunc
1148 1312 1221 1350 aut
1237 1309 1371 1360 illum,
1391 1310 1466 1351 sub
1485 1310 1628 1350 eadem
1647 1309 1907 1349 restrictione
1925 1309 1952 1350 ἃ
1971 1323 2066 1349 0011-

129 1368 298 1409 ditione.
332 1367 427 1408 Huc
457 1367 567 1408 refer
597 1367 893 1421 promissiones
926 1367 974 1408 de
994 1367 1331 1421 praeservatione
1349 1370 1372 1409 a
1390 1367 1636 1417 tentatione,
1656 1369 1679 1407 a
1697 1367 1830 1420 lapsu,
1850 1367 1878 1408 &
1896 1369 2065 1420 peccato

129 1426 206 1467 tali
223 1428 296 1467 aut
311 1429 442 1467 tanto.
460 1425 573 1467 Nam
586 1425 785 1479 quamdiu
798 1440 940 1466 sumus
953 1425 995 1465 in
1008 1425 1123 1476 via,&
1135 1426 1186 1466 ad
1197 1426 1423 1467 terminum
1436 1427 1619 1467 nondum
1631 1425 1908 1479 pervenimus,
1925 1425 2066 1478 aliqua

131 1484 298 1539 quidem
315 1484 566 1538 temporalia
588 1484 803 1525 indefinite
821 1485 850 1526 81
872 1483 1014 1538 aliqua
1031 1484 1269 1537 spiritualia
1287 1485 1486 1540 (essentia
1509 1484 1597 1526 scil.
1616 1486 1644 1526 81
1659 1483 1952 1537 permanentia
1970 1497 2066 1537 gra-

129 1544 213 1584 tiae
231 1543 281 1583 ad
301 1543 479 1584 salutem
496 1542 771 1597 necessariae)
788 1542 910 1584 nobis
928 1542 1120 1583 absolute
1136 1543 1370 1584 necessaria
1388 1546 1498 1593 sunt,
1513 1558 1643 1596 eaque
1666 1542 1779 1583 Deus
1798 1542 2018 1595 promittit,
2038 1542 2067 1583 81

131 1601 256 1642 etiam
290 1600 450 1642 confert
483 1601 506 1640 2
527 1602 635 1642 Petr.
661 1601 697 1641 1.
721 1614 757 1641 v.
777 1601 815 1642 2.
841 1602 878 1641 3.
912 1600 968 1640 Et
984 1615 1059 1641 1108
1077 1603 1123 1641 ut
1140 1602 1436 1654 promissiones
1465 1602 1559 1642 illas
1577 1601 1656 1641 fide
1679 1601 1916 1654 recipimus,
1935 1599 1992 1640 sic
2016 1614 2064 1640 ex

131 1659 210 1700 fide
244 1661 268 1699 a
295 1658 383 1700 Deo
399 1659 595 1712 petimus,
614 1659 716 1699 certi
733 1659 781 1699 de
800 1658 1077 1699 exauditione.
1111 1658 1192 1699 Sed
1210 1660 1378 1700 definite
1395 1660 1498 1701 haec
1516 1661 1588 1699 aut
1604 1659 1678 1699 illa
1695 1658 1962 1711 temporalia;
1993 1660 2065 1698 aut

130 1720 250 1758 tanta
281 1731 490 1767 mensura,
523 1719 570 1757 ut
597 1717 717 1757 nubis
735 1731 814 1757 non
833 1719 930 1757 sunt
947 1717 1131 1770 praecise
1148 1718 1399 1767 necessaria3
1434 1719 1492 1759 sic
1509 1732 1584 1758 nec
1597 1717 1698 1758 haec
1711 1719 1783 1757 aut
1800 1716 1874 1756 illa
1892 1715 2064 1769 spiritu-

132 1776 215 1817 alia
242 1775 510 1825 charismata,
544 1778 616 1815 aut
644 1775 711 1816 1110
747 1775 903 1830 gradus
935 1775 1099 1829 gratiae
1128 1775 1338 1817 salutaris.
1373 1775 1441 1817 Sic
1458 1776 1631 1816 libertas
1651 1791 1673 1815 a
1692 1775 1923 1815 tentatione
1943 1775 1966 1814 2
1994 1775 2067 1815 Co-

130 1834 256 1876 rt'nlh.
295 1834 359 1875 12.
396 1833 596 1887 Apostolo
630 1833 747 1888 [pag.
782 1833 859 1888 33]
897 1847 1090 1874 concessa
1123 1834 1150 1875 81
1174 1835 1326 1875 collata
1354 1849 1434 1875 non
1453 1834 1535 1875 fuit
1552 1848 1560 1882 ;
1580 1833 1770 1887 quamvis
1788 1848 1879 1873 eam
1891 1834 2064 1886 peteret.

131 1892 229 1934 Non
260 1891 372 1933 enim
403 1895 494 1933 erat
526 1906 575 1933 ex
607 1906 751 1933 eorum
783 1892 982 1933 donorum
1015 1906 1200 1943 numero,
1235 1907 1340 1946 quae
1363 1893 1553 1934 absolute
1570 1894 1598 1934 &
1616 1891 1800 1945 praecise
1818 1891 1870 1932 ad
1886 1891 2063 1931 salutem

132 1954 230 1992 sunt
249 1950 496 1991 necessaria.

195 2010 418 2051 Consectar.
456 2010 494 2050 1.
526 2008 636 2050 Hinc
657 2011 820 2050 constat
837 2009 936 2062 quid
953 2009 1220 2050 statuendum
1239 2009 1287 2050 de
1310 2008 1699 2050 Remonstrantium
1717 2008 1985 2062 responsione
2009 2007 2061 2047 ad

134 2070 429 2122 argumentum
460 2082 535 2121 pro
566 2067 877 2121 perseverantia
895 2070 1145 2109 sanctorum.
1179 2066 1325 2108 Nostri
1342 2067 1452 2108 inter
1474 2068 1557 2108 alia
1574 2067 1617 2107 in
1633 2067 1844 2109 collacione
1865 2066 2064 2120 Haqiensi

134 2128 430 2180 argumentum
450 2125 529 2167 1100
561 2125 807 2167 adferebant
834 2141 908 2180 pro
935 2125 1268 2180 perseverantia:
1289 2125 1406 2174 Quod
1424 2141 1474 2167 ex
1496 2126 1575 2167 fide
1596 2128 1620 2166 a
1641 2125 1729 2166 Deo
1747 2125 1942 2179 petimus,
1960 2124 2064 2164 illud

134 2187 246 2225 certo
274 2184 394 2225 nobis
410 2184 547 2225 dabit:
572 2184 740 2225 Donum
756 2184 1104 2238 perseverantiae,
1123 2185 1188 2226 &c.
1222 2183 1350 2238 Ergo.
1384 2183 1453 2224 Illi
1470 2184 1669 2225 indirecte
1694 2183 1973 2237 opponebant,
1992 2184 2065 2222 aut

133 2243 272 2296 potius
289 2243 608 2296 componebant,
627 2245 920 2297 argumentum
938 2243 1087 2284 simile.
1111 2242 1228 2290 Quod
1245 2242 1590 2283 Perfectistarum
1607 2242 1793 2283 haeresis
1811 2256 1885 2295 pro
1903 2240 2064 2294 perfec-

134 2300 247 2342 tione
278 2301 321 2341 in
355 2300 434 2341 hac
466 2301 551 2341 vita
584 2300 746 2341 adferre
777 2303 959 2354 possent,
991 2301 1071 2341 hoc
1092 2301 1235 2341 inodo:
1269 2299 1387 2348 Quod
1409 2315 1459 2341 ex
1481 2300 1560 2341 fide
1584 2302 1608 2341 a
1628 2300 1718 2341 Deo
1741 2300 1934 2354 petimus,
1959 2298 2065 2339 illud

135 2359 254 2400 nobis
277 2361 388 2399 certo
406 2359 535 2400 dabit.
567 2358 649 2399 Sed
667 2374 716 2400 ex
733 2359 812 2400 fide
830 2358 1127 2412 perfectionem
1152 2361 1176 2399 a
1191 2358 1281 2399 Deo
1298 2359 1492 2412 petimus.
1526 2359 1648 2412 Hesp.
1681 2359 1759 2399 Est
1776 2358 1900 2412 longe
1924 2356 2064 2410 dispar

135 2417 243 2458 ratio
274 2417 622 2471 perseverantiae,
655 2419 683 2459 81
716 2417 982 2471 perfectionis
999 2417 1042 2457 in
1060 2417 1139 2458 hac
1156 2417 1254 2457 vita.
1288 2416 1368 2457 Illa
1391 2419 1452 2458 est
1474 2417 1657 2470 praecise
1676 2418 1703 2459 &
1722 2416 1911 2457 absolute
1929 2415 1980 2455 ad
1997 2430 2063 2455 sa-

135 2475 268 2516 lutem
298 2475 552 2516 necessaria:
586 2475 669 2516 ista
701 2490 783 2516 non
815 2478 900 2524 est;
932 2475 1118 2529 alioquin
1150 2489 1272 2516 nemo
1295 2475 1540 2516 salvaretur.
1573 2474 1697 2515 Illam
1715 2490 1765 2516 ex
1783 2475 1863 2515 fide
1882 2473 2063 2527 petimus

136 2533 340 2580 absolute,
365 2533 487 2574 sicuti
505 2533 695 2574 absolute
712 2548 804 2574 eam
821 2533 1048 2574 credimus:
1068 2533 1192 2574 istam
1210 2533 1368 2586 pariter
1383 2548 1465 2574 non
1483 2533 1663 2587 petimus
1687 2533 1890 2582 absolute,
1910 2532 1972 2572 uti
1990 2545 2064 2572 nec

138 2591 329 2632 absolute
347 2593 376 2633 81
393 2594 504 2632 certo
527 2591 731 2632 credimus
749 2606 840 2632 eam
858 2591 978 2632 nobis
997 2592 1289 2633 conferendam
1308 2592 1348 2632 in
1364 2591 1443 2632 hac
1460 2592 1547 2632 vita
1562 2607 1570 2641 3
1589 2592 1660 2633 sed
1678 2592 1842 2632 demum
1860 2591 1903 2631 in
1916 2592 2062 2640 morte,

137 2663 211 2691 seu
226 2650 268 2691 in
287 2649 534 2691 liberatione
553 2652 577 2690 a
593 2664 741 2703 corpae
758 2649 904 2691 mortis
924 2650 1039 2692 Rom.
1061 2650 1097 2689 7.

203 2707 428 2751 consec-tar.
463 2708 500 2748 2.
537 2707 727 2749 Absurde
760 2707 888 2749 etiam
918 2707 1122 2761 objiciunt
1153 2707 1273 2749 nobis
1305 2710 1507 2762 tanquam
1538 2707 1777 2758 absurdum,
1801 2708 1910 2763 quod
1926 2706 2063 2748 media

140 2768 311 2807 externa
333 2766 537 2822 (verbum,
560 2771 717 2820 preces)
739 2766 783 2807 in
814 2766 992 2807 aliorum
1023 2766 1201 2808 salutem
1222 2765 1526 2821 impendamus,
1549 2781 1623 2808 nec
1641 2769 1782 2808 tamen
1800 2765 1902 2807 certi
1920 2765 2062 2812 simus,

1076 2824 1130 2865 23
2011 2836 2063 2862 011
