2399 3084
545 103 1694 145 D1sp.III.DEJUREErrJusvrmwADm.
2036 107 2090 146 69

151 230 302 269 natura
334 230 457 281 turpe
490 242 578 268 esse
607 227 828 277 foeminae,
864 227 898 268 si
932 228 1115 268 radatur.
1141 229 1168 269 &
1187 227 1275 267 viro
1301 227 1335 268 si
1352 227 1538 280 prolixos
1556 227 1729 281 capillos
1747 228 1834 268 alat
1853 228 1889 268 1.
1913 228 2092 269 Corinlh.

154 288 220 327 11.
253 286 414 327 Eadem
444 286 719 327 nihilominus
753 286 870 327 docet
892 286 1132 339 oppositum
1151 285 1374 339 utrobique
1398 300 1486 326 esse
1508 286 1744 326 faciendum
1766 286 1808 326 in
1826 301 1924 327 casu
1946 286 2094 336 morbi,

151 348 224 386 aut
255 345 428 385 alterius
460 344 736 385 necessitatis.
773 348 831 385 De
860 345 948 385 viro
966 344 1161 385 muliebri
1189 346 1303 385 veste
1321 344 1528 384 induendo
1545 344 1655 385 idem
1677 345 1946 385 statuendum
1974 345 2092 400 [pag.

153 404 256 458 397]
276 403 348 444 ubi
361 403 497 457 patria
515 403 744 449 liberanda,
763 406 835 444 aut
852 403 1084 444 innocentis
1109 403 1194 443 vita
1213 402 1427 456 tyrannidi
1455 403 1750 449 subtrahenda,
1771 406 1843 443 aut
1862 403 1904 443 in
1925 417 2091 444 carcere

151 477 299 515 corpus
330 462 571 516 tegendum,
611 477 704 502 cnm
722 462 828 502 nihil
858 462 971 502 aliud
1005 461 1215 515 suppetit;
1242 476 1315 501 nec
1328 463 1469 501 tamen
1494 475 1726 514 repugnare
1744 462 1847 502 illud
1867 463 2089 503 Demeron.

151 522 219 561 22.
240 520 441 561 Prohibet
464 523 614 560 natura
637 521 881 574 conjugium
900 535 994 561 cum
1012 535 1165 568 sorore,
1189 520 1333 560 eadem
1355 522 1497 559 tamen
1521 519 1653 559 suasit
1675 520 1779 560 illud
1802 520 1899 561 filiis
1924 519 2091 561 Adami.

149 579 215 620 Ex
247 579 450 620 Casuistis
479 578 709 620 Pontificiis
748 594 830 620 non
867 579 988 633 pauci
1021 580 1212 619 statuunt
1239 578 1282 618 in
1316 592 1413 618 casu
1445 580 1655 618 extremae
1688 578 1948 619 necessitatis
1972 594 2092 632 posse

150 652 273 690 quem
306 638 443 678 aliena
474 638 584 678 bona
616 640 885 687 contrectare,
921 653 972 678 ne
1004 637 1116 677 fame
1138 638 1295 690 pereat.
1329 635 1392 676 De
1411 636 2093 689 (111000311111100300110111011100

150 696 425 750 disputamus.
460 695 554 736 Huc
578 696 725 737 referri
744 699 882 749 potest
901 696 1140 749 exemplum
1158 696 1205 736 de
1225 694 1442 748 stipendiis
1462 695 1772 735 ministrorum:
1807 696 1916 748 quod
1948 711 2091 737 neces-

150 755 288 796 sitatis
316 756 344 796 81
372 755 478 808 juris
515 755 720 796 naturalis
754 758 828 795 est.
863 755 918 795 Et
945 757 1087 795 tamen
1105 753 1262 795 Paulus
1285 753 1432 807 positis
1457 753 1656 806 ponendis
1680 753 1730 794 ab
1751 753 1923 794 ecclesia
1945 753 2091 795 Corin-

150 813 444 855 111100011011111
466 813 662 867 recipere.
698 813 813 861 Quod
833 813 961 854 simili
978 813 1019 853 in
1044 827 1142 853 casu
1158 812 1409 852 imitandum
1427 814 1490 852 031
1508 811 1700 852 omnibus
1722 812 1942 853 ministris.
1985 812 2092 854 000-

148 872 211 913 fer
228 873 333 926 disp.
354 875 540 913 nostram
557 872 605 913 (le
626 873 842 926 stipendiis
873 872 1174 913 illinisti-oram..
1209 870 1287 911 Est
1310 884 1410 924 ergo
1434 872 1656 922 utrumque
1671 870 1777 924 juris
1801 872 1829 912 81
1847 871 1952 925 legis
1970 874 2093 912 natu-

147 931 266 972 ralis:
301 930 381 971 Sed
399 930 514 984 prius
532 931 660 971 habet
682 945 725 971 se
743 933 789 971 ut
808 931 869 971 lex
888 930 1110 981 generalis,
1130 929 1338 982 posterius
1372 931 1418 969 ut
1435 929 1503 969 lex
1525 929 1730 981 specialis.
1765 928 1900 976 Quam
1917 929 2089 970 distinc-

147 989 306 1030 tionem
343 990 419 1030 sub
452 989 545 1029 istis
573 989 765 1029 terminis
798 989 928 1030 habet
953 990 1081 1029 Polam
1091 1002 1137 1029 113
1160 988 1226 1028 lib.
1254 988 1291 1027 6.
1312 1002 1399 1042 cap.
1423 988 1488 1027 10.
1526 986 1710 1028 Rursum
1732 987 1935 1042 distingui
1956 990 2094 1041 potest

148 1048 215 1088 lex
236 1047 279 1088 in
297 1047 552 1089 ordinariam
569 1049 597 1089 ἃ
616 1047 1002 1088 extraordinariam.
1038 1045 1145 1087 Sunt
1164 1046 1235 1087 alii
1255 1046 1327 1099 qui
1350 1046 1466 1100 prius
1489 1048 1637 1086 vocant
1655 1046 1813 1100 legem;
1834 1047 1862 1087 81
1883 1046 2091 1100 posterius

149 1106 436 1161 exceptionem
456 1106 602 1160 alege.
637 1106 726 1154 Quo
744 1106 911 1147 nomine
935 1106 1182 1159 appelletur,
1213 1105 1364 1145 saltem
1396 1107 1572 1153 constat,
1602 1104 1725 1145 licere
1753 1104 1852 1158 quid
1885 1105 2025 1158 aliquo
2048 1105 2091 1145 in

148 1179 246 1206 casu
269 1168 341 1206 aut
358 1180 408 1206 ex
431 1167 544 1205 certa
562 1165 703 1218 aliqua
721 1164 958 1219 hypothesi,
983 1164 1091 1217 quod
1112 1163 1316 1211 absolute,
1335 1163 1624 1208 communiter,
1644 1163 1866 1213 ordinario,
1885 1165 1914 1204 ἃ
1932 1178 2094 1217 semper

147 1238 230 1265 non
264 1224 383 1265 licet:
419 1223 475 1264 Et
507 1226 606 1264 tunc
635 1224 704 1277 jus
737 1223 836 1277 juri,
861 1223 927 1263 lex
945 1223 1031 1277 legi
1049 1238 1132 1263 11011
1151 1224 1374 1276 repugnat,
1394 1222 1464 1262 sed
1483 1224 1648 1262 tantum
1671 1221 1866 1262 distincta
1884 1223 1913 1263 81
1930 1222 2094 1263 diversa

147 1285 258 1331 sunt,
292 1285 496 1336 tanquam
531 1284 672 1336 partes
699 1282 962 1334 integrantes
995 1281 1118 1322 unius
1156 1281 1184 1322 ἃ
1218 1280 1348 1321 1011113
1384 1280 1490 1335 legis
1508 1280 1560 1321 ab
1579 1280 1723 1321 eodem
1745 1280 1987 1335 legislatore
2003 1280 2093 1322 Deo

147 1341 331 1382 sancitae
355 1342 383 1382 ἃ
401 1341 610 1382 revelatae
629 1341 835 1394 siquidem
853 1340 1137 1381 consideretur
1158 1340 1226 1380 lex
1250 1339 1443 1392 specialis
1466 1341 1513 1379 ut
1531 1338 1725 1392 explicite
1743 1338 1976 1392 proposita:
1995 1342 2094 1380 tunc

147 1400 259 1441 enim
291 1400 357 1440 lex
391 1399 583 1453 specialis
614 1399 743 1440 habet
762 1415 804 1440 se
823 1400 874 1440 ad
892 1399 1030 1453 legem
1048 1398 1302 1453 generalem,
1321 1400 1367 1438 ut
1384 1412 1539 1438 novum
1557 1399 1586 1439 81
1603 1397 1774 1451 insuper
1797 1398 2003 1450 adjectum
2020 1397 2092 1439 ad-

147 1458 425 1500 ditamentum
462 1458 491 1499 81
519 1458 750 1511 ampliatio,
785 1458 849 1498 illi
878 1458 1118 1499 coordinata
1152 1459 1180 1499 81
1213 1456 1480 1498 001101010113.
1517 1455 1590 1496 Sin
1613 1470 1709 1497 vero
1728 1456 2025 1506 consideretur,
2046 1458 2092 1497 ut

145 1517 347 1570 implicite
366 1517 409 1557 in
426 1531 474 1558 ea
496 1519 704 1567 contenta,
736 1518 764 1558 81
788 1517 1083 1557 subintellecta
1101 1515 1144 1556 in
1163 1517 1302 1556 mente
1324 1517 1449 1569 atque
1466 1514 1698 1556 intentione
1717 1514 1975 1568 legislatoris
1994 1516 2022 1556 81
2040 1529 2090 1555 ex

145 1575 297 1617 indicio
316 1576 459 1629 legum
476 1590 522 1616 ac
538 1575 839 1629 principiorum
856 1575 1087 1629 primorum
1105 1577 1230 1628 atque
1250 1573 1553 1614 universalium
1575 1574 1624 1614 de
1643 1573 1835 1614 absoluta
1861 1574 1890 1615 81
1907 1573 2092 1627 perfecta

147 1634 321 1676 caritate
355 1635 384 1676 81
414 1633 653 1675 obedientia
674 1633 760 1675 Deo
778 1634 938 1675 debita:
972 1633 1191 1674 dicendum
1209 1635 1271 1673 est
1291 1632 1514 1686 specialem
1533 1632 1670 1686 legem
1689 1631 1876 1685 generali
1899 1631 2088 1673 subordi-

146 1693 252 1742 nari,
271 1693 299 1733 &
312 1708 363 1734 ex
380 1708 428 1734 ea
452 1692 581 1733 educi.
616 1691 682 1733 Ita
699 1695 745 1733 ut
762 1693 890 1733 simili
906 1692 993 1733 fere
1011 1692 1132 1733 modo
1156 1693 1204 1732 de
1223 1691 1515 1732 convenientia
1538 1691 1567 1731 81
1590 1690 1856 1731 distinctione
1874 1690 2092 1744 utriusque

142 1751 414 1805 judicandum
450 1751 517 1799 sit,
547 1765 628 1804 (1110
647 1751 789 1792 Ethiei
821 1752 869 1792 de
887 1750 1179 1792 convenientia
1198 1752 1226 1792 81
1253 1749 1491 1790 discrimine
1504 1749 1695 1803 justitiae
1714 1749 1742 1790 &
1761 1748 2000 1802 aequitatis.
2034 1748 2091 1789 Et

147 1809 363 1851 Casuistae
393 1824 440 1850 ac
471 1811 493 1849 J
500 1809 576 1850 00.
611 1810 887 1850 communiter
919 1809 1144 1850 conciliant
1159 1808 1372 1863 justitiam
1391 1808 1688 1862 particularem
1711 1822 1807 1848 suas
1825 1807 1972 1860 cuique
1988 1821 2089 1861 pos-

147 1868 352 1910 sessiones
371 1868 666 1918 vindicantem,
700 1883 794 1909 cum
826 1868 1101 1922 usucapione:
1138 1882 1231 1908 cum
1266 1870 1445 1920 utraque
1479 1867 1530 1907 ad
1547 1865 1757 1920 justitiam
1775 1865 1983 1906 referatur
1998 1868 2090 1906 tan·

148 1942 273 1980 quam
289 1942 386 1981 pars
409 1928 460 1968 ad
477 1929 613 1968 totum
630 1927 851 1979 integrale,
871 1929 943 1967 aut
960 1929 1163 1980 tanquam
1181 1925 1338 1979 species
1361 1926 1411 1966 ad
1430 1940 1561 1975 genus
1584 1939 1658 1965 seu
1674 1927 1811 1965 totum
1827 1923 2063 1965 universale
2079 1939 2088 1971 ς

149 1987 178 2027 &
211 1989 389 2040 utraque
424 2000 472 2026 ex
506 1985 652 2039 primis
690 1986 778 2039 ejus
815 1985 1033 2039 principiis
1058 1985 1298 2025 deducatur.
1331 1984 1388 2024 Et
1410 1983 1616 2037 Theologi
1634 1997 1776 2024 omnes
1794 1983 1842 2022 de
1858 1982 2092 2036 praeceptis

148 2044 495 2085 ceremonialibus
528 2044 755 2094 affirmant,
790 2045 899 2097 quod
936 2044 1078 2084 cedere
1102 2044 1281 2084 debeant
1298 2042 1543 2087 moralibus,
1568 2042 1616 2082 de
1634 2040 1866 2094 praeceptis
1884 2041 2090 2082 secundae

148 2103 328 2144 tabulae.
351 2103 460 2157 quod
477 2103 621 2144 cedere
644 2103 823 2144 debeant
841 2102 1075 2156 praeceptis
1092 2102 1252 2156 primae
1270 2101 1452 2142 tabulae.
1492 2101 1606 2140 Unde
1633 2102 1777 2140 tamen
1801 2113 1882 2140 non
1901 2099 2090 2152 sequitur

149 2161 380 2215 posteriora
410 2176 491 2202 non
526 2176 614 2202 esse
653 2161 759 2215 legis
792 2164 980 2209 naturae,
1000 2161 1184 2210 moralis,
1204 2159 1505 2206 immutabilis;
1531 2161 1603 2199 aut
1620 2160 1841 2211 praecepta
1858 2157 2090 2211 praeceptis

150 2219 354 2273 opposita,
388 2219 670 2260 obedientiam
703 2219 977 2260 obedientiae.
1005 2218 1157 2259 Omnia
1187 2233 1286 2272 ergo
1316 2218 1418 2258 haec
1440 2217 1665 2257 secundum
1687 2217 1822 2269 legem
1854 2216 2093 2269 generalem

149 2279 178 2319 81
202 2279 427 2319 secundum
454 2277 677 2331 specialem
710 2292 817 2331 quae
840 2277 1050 2332 generalis
1089 2277 1194 2332 legis
1224 2273 1429 2330 appendix
1446 2277 1474 2317 81
1493 2276 1823 2316 additamentum
1845 2275 2048 2328 (exceptio
2066 2276 2090 2315 a

149 2337 311 2391 regula,
349 2351 469 2377 casus
500 2338 750 2385 reservatus,
784 2336 888 2390 legis
927 2335 1229 2389 interpretatio.
1263 2334 1497 2387 ampliatio,
1527 2333 1726 2381 extensio,
1747 2333 1861 2386 [pag.
1887 2332 1993 2387 398]
2017 2335 2090 2373 aut

150 2409 395 2448 quocunque
428 2394 510 2435 alio
536 2394 702 2435 nomine
722 2395 971 2448 appelletur)
989 2393 1194 2448 praestita
1212 2396 1284 2434 aut
1301 2392 1551 2446 praestanda
1570 2391 1621 2431 ad
1634 2391 1702 2444 jus
1720 2390 1906 2431 divinum
1922 2389 1951 2430 81
1967 2393 2088 2431 natu-

149 2453 237 2494 rale
262 2453 494 2494 revocanda
521 2455 617 2492 sunt
632 2467 640 2492 ε
658 2467 734 2493 nec
750 2452 860 2493 inter
878 2453 1106 2506 adiaphora
1122 2451 1390 2495 numeranda.
1415 2453 1616 2502 tanquam
1631 2449 1747 2489 nullo
1764 2451 1985 2502 praecepto
2003 2448 2089 2490 sive

151 2512 342 2552 absoluto
363 2511 449 2552 sive
468 2511 751 2564 hypothetico,
771 2511 967 2564 explicito
986 2513 1058 2551 aut
1077 2510 1280 2564 implicito
1301 2508 1623 2560 circumscripta.
1659 2505 1733 2548 VI.
1769 2507 1907 2549 Probl.
1943 2507 2089 2560 Anjus

149 2570 355 2619 naturale,
374 2572 497 2624 prout
519 2569 661 2610 stricte
679 2569 870 2618 sumitur,
894 2583 968 2622 pro
1001 2569 1090 2610 sola
1121 2571 1272 2608 natura
1293 2570 1404 2614 noto,
1423 2568 1451 2608 &
1469 2565 1777 2619 supernaturali
1795 2565 2088 2606 contradistin-

151 2628 308 2682 guitur,
341 2630 548 2682 repugnet
581 2627 904 2681 supernaturali.
939 2628 1055 2680 Resp.
1091 2628 1174 2680 Ney
1221 2626 1299 2666 Est
1323 2625 1431 2665 enim
1451 2627 1474 2664 0
1490 2623 1578 2664 Deo
1601 2626 1745 2664 autore
1761 2626 1937 2665 naturae
1954 2623 2088 2664 sanci-

151 2689 243 2727 tum
270 2687 299 2728 81
335 2687 596 2727 revelatum:
636 2688 936 2738 consequenter
967 2700 1112 2726 verum
1144 2699 1253 2732 vero,
1281 2684 1434 2724 bonum
1453 2683 1560 2723 bono
1577 2696 1659 2722 non
1675 2685 1893 2736 repugnat,
1927 2681 2089 2723 Deinde

151 2759 235 2786 non
253 2745 389 2785 diflert
407 2745 516 2798 1111011
535 2744 586 2784 ad
602 2743 823 2784 materiam
856 2758 975 2784 suam
1013 2745 1036 2783 a
1069 2744 1161 2795 lege
1191 2741 1340 2782 morali
1358 2740 1731 2794 supernaturaliter
1772 2741 1976 2781 revelata:
2000 2740 2088 2782 scil.

152 2806 354 2856 quantam
381 2803 410 2844 81
443 2816 657 2858 quousque
690 2816 951 2843 communem
988 2816 1081 2842 cum
1105 2803 1152 2841 ea
1170 2801 1299 2841 habet
1321 2799 1554 2840 materiam.
1587 2798 1886 2840 Extensionem
1902 2801 2042 2839 autem
2059 2799 2089 2840 81

1931 2856 2088 2898 limites
