2399 3084
293 81 376 122 358
731 80 889 122 DISP.
922 80 1313 126 X11.D12LEG1·:
1345 83 1795 127 ETEUANGELIO.

299 202 559 259 perseelam),
577 201 659 245 diei
672 203 801 257 possit
819 203 988 259 implere
1001 205 1159 260 Leqem,
1176 214 1249 249 aut
1264 207 1322 250 ad
1337 209 1424 264 ejus
1441 209 1716 264 impletionem
1729 209 1912 264 conferre
1923 208 1963 252 ἃ·
1974 223 2214 252 concurrere
2222 212 2242 253 5>

300 263 419 316 Hesp.
453 260 679 315 Tanquam
708 262 1038 305 instrumentum
1055 265 1228 314 morale,
1251 281 1326 320 pro
1343 270 1464 321 parte
1482 282 1571 318 sua,
1588 268 1619 310 A
1625 271 1670 324 ff
1689 268 1814 322 idque
1832 268 2076 322 dupliciter:
2097 269 2240 311 Primo

296 335 371 375 per
403 320 574 361 modum
607 320 778 361 motivi:
803 320 865 362 De
894 336 975 376 quo
999 338 1139 377 supra.
1172 324 1333 367 Deinde
1353 341 1428 380 per
1449 327 1619 368 modum
1641 326 1792 381 objecti
1809 326 2015 380 partialis,
2035 328 2242 380 quatenus

299 378 586 433 Euangelium
615 381 779 432 partem
807 381 1030 434 suppediat
1057 380 1134 419 viv)
1161 388 1391 432 πιστευτῶν,
1418 385 1461 426 in
1484 400 1592 439 quae
1609 387 1656 426 ut
1673 385 1703 427 81
1720 385 1764 426 111
1788 385 1872 426 alia
1894 385 2034 426 onmia
2051 385 2244 424 πιστευτά
2300 436 2303 439 Α

298 438 424 479 verbo
442 437 521 478 Dei
547 438 734 478 revelata
752 437 854 479 fides
877 454 926 480 ex
944 441 1203 495 praescripto
1222 443 1329 497 legis
1347 442 1448 484 ferri
1471 444 1608 485 debet.
1641 443 1759 485 Haut
1777 444 1900 485 aliter
1922 458 1969 485 ac
1991 444 2156 485 visibile
2175 459 2242 486 co-

297 496 494 546 loratum,
520 497 548 538 &
566 496 638 537 lux
657 500 910 538 concurrunt
933 499 984 540 ad
1002 500 1211 542 actualem
1234 501 1449 543 visionem.
1965 511 1967 514 '

362 556 593 597 Consectar.
629 552 880 604 ὄκυρολὸγως
911 557 1065 599 dicitur
1095 558 1382 615 Euangelium
1408 561 1790 603 instrumentaliter
1806 575 2050 602 concurrere
2067 561 2120 603 ad
2139 561 2243 603 resi-

297 614 549 668 piscentiam
566 614 595 656 81
611 627 765 654 novam
787 614 1071 658 obedientiam
1090 618 1167 659 sub
1185 618 1321 660 forma
1338 620 1554 674 praecepti
1570 635 1642 662 seu
1660 620 1767 675 legis
1784 622 2126 674 praeceptorum:
2150 634 2245 661 011111

297 672 465 727 proprie
499 674 721 713 concurrat
755 673 831 713 sub
859 673 995 716 forma
1013 677 1341 731 praeceptibilis,
1360 693 1433 719 seu
1451 679 1513 720 rei
1531 678 1716 720 cadentis
1733 679 1810 720 sub
1834 681 2125 733 praeceptum:
2144 693 2244 720 con-

298 732 405 772 tinet
423 731 534 772 enim
557 730 772 771 credibilia
790 732 995 785 πίστευτὰ,
1014 749 1086 775 3011
1105 736 1304 777 veritates
1323 737 1371 778 de
1389 738 1515 779 rebus
1531 737 1575 778 in
1592 752 1699 779 novo
1721 737 1887 779 foedere
1905 737 2136 791 promissis.

358 789 473 832 XXI.
496 791 658 842 Quaest.
693 789 760 830 An
793 788 856 831 lea:
873 793 1010 835 eadem
1029 794 1155 848 fuerit
1172 797 1449 849 amelapsmn,
1468 810 1572 851 quae
1587 804 1676 850 post
1694 798 1857 850 lapsum
1872 796 2043 838 tamsub
2067 797 2104 837 V.
2118 809 2245 852 quam

301 849 374 890 sub
413 849 459 890 N.
486 850 527 890 T.
565 849 667 902 Hesp
701 848 782 904 Asf.
816 847 861 889 Si
879 850 1018 905 legem
1035 852 1078 893 in
1097 868 1139 894 se
1157 854 1406 896 consideres.
1440 853 1521 896 Sed
1539 855 1574 896 si
1594 870 1715 896 usum
1733 855 1820 909 ejus
1838 854 2049 909 respicias,
2075 855 2171 909 Neq.
2205 853 2246 895 Is

302 907 413 948 enim
445 910 509 948 est
542 907 752 947 diversus:
788 907 887 960 quia
921 913 1017 951 ante
1051 911 1214 965 lapsum
1248 927 1330 954 11011
1348 913 1534 955 habebat
1556 928 1679 955 usum
1696 912 1965 955 convictionis
1984 914 2033 955 de
2055 915 2245 967 peccam

302 980 426 1020 quem
443 968 539 1019 post
556 966 721 1019 lapsum
738 965 881 1008 habet.
917 968 1034 1024 [pag.
1055 970 1131 1026 39]

361 1023 499 1066 XXII.
535 1025 696 1078 Quaesl.
731 1024 797 1065 Αη
830 1027 893 1067 lex
923 1036 1019 1070 ante
1051 1030 1219 1083 lapsmn
1246 1029 1286 1072 ἃ
1306 1039 1411 1085 post,
1429 1031 1573 1074 habeat
1587 1032 1886 1086 promissiones
1903 1031 2006 1073 vilae
2026 1031 2248 1074 aeternae?

305 1085 421 1138 Resp.
455 1084 486 1125 A
494 1086 536 1140 ff
573 1083 629 1123 Et
651 1083 730 1123 hoc
757 1082 860 1125 satis
885 1100 1093 1142 superque
1122 1086 1353 1142 probarunt
1380 1089 1690 1145 Antagonistae
1713 1089 2044 1143 Socinianorum,
2068 1091 2097 1132 81
2120 1089 2248 1145 scrip-

304 1145 415 1183 tores
439 1142 487 1182 de
510 1140 771 1191 foederibus3
794 1141 906 1185 inter
924 1145 1028 1187 alios
1047 1161 1093 1188 ac
1115 1162 1242 1201 supra
1260 1148 1364 1189 alios
1382 1149 1436 1190 D.
1459 1149 1813 1204 Cloppenburqius
1831 1149 1875 1190 in
1897 1148 1984 1190 suis
2002 1149 2139 1204 dispp.

363 1198 523 1240 XXIII.
560 1199 724 1252 taaesc.
758 1204 824 1241 An
840 1205 1138 1257 promissiones
1156 1207 1272 1261 Leyis
1293 1206 1333 1249 ἃ
1348 1208 1570 1262 Euanyelii
1590 1209 1847 1259 conveniam,
1866 1222 1938 1250 seu
1954 1208 2038 1249 sim
2056 1207 2249 1250 eaedem?

309 1259 424 1313 Hesp.
459 1257 504 1298 Si
521 1258 772 1311 promissam
790 1261 921 1303 vitam
939 1267 1154 1305 aeternam
1171 1265 1382 1319 respicias.
1417 1267 1449 1308 A
1453 1269 1500 1323 ff
1533 1265 1607 1308 Sin
1625 1266 1810 1308 medium
1827 1268 1856 1310 81
1873 1266 2155 1308 conditionem
2171 1266 2250 1307 sub

308 1321 390 1370 qna
424 1316 699 1371 promittitur,
725 1318 753 1358 &
767 1317 836 1371 jus
855 1322 942 1375 ejus
961 1322 1205 1376 acquiritur.
1240 1325 1336 1381 Ney.
1369 1324 1483 1366 Nam
1500 1324 1543 1366 in
1561 1326 1669 1380 lege,
1689 1326 1717 1367 81
1741 1325 1872 1367 veteri
1889 1326 2054 1367 foedere
2072 1324 2248 1379 promit-

307 1375 412 1416 titur
440 1375 517 1416 sub
535 1374 770 1416 conditione
788 1379 982 1433 propriae
1000 1381 1284 1424 obedientiae:
1310 1383 1358 1425 In
1382 1383 1619 1439 Euangelio
1639 1386 1667 1427 ἃ
1685 1399 1790 1425 novo
1808 1385 1987 1433 foedere,
2007 1384 2085 1425 sub
2107 1382 2247 1424 condi-

308 1433 420 1475 tione
453 1433 714 1474 obedientiae
738 1434 907 1480 Christi.
944 1440 1130 1496 Denique
1157 1440 1192 1482 si
1213 1441 1439 1496 Euangelii
1458 1442 1753 1496 promissiones
1776 1443 1989 1484 absolutas
2007 1443 2074 1496 (de
2098 1441 2250 1495 quibus

310 1493 453 1546 supra)
487 1506 593 1545 quae
627 1492 712 1532 sint
744 1494 996 1551 principales
1028 1500 1057 1541 81
1089 1499 1428 1542 fundamentales
1450 1501 1697 1552 consideres,
1717 1516 1767 1543 ex
1785 1501 1937 1556 quibus
1954 1499 2250 1555 promissiones

310 1550 611 1592 conditionales
629 1552 875 1606 educuntur,
895 1557 923 1598 81
942 1556 1191 1608 formantur,
1212 1558 1254 1599 in
1272 1558 1520 1601 immensum
1547 1559 1767 1601 differunt:
1788 1560 1886 1614 quia
1907 1559 1951 1601 in
1966 1560 2060 1614 lege
2078 1559 2106 1600 &
2119 1557 2251 1600 veteri

310 1610 476 1650 foedere
498 1610 604 1650 tales
626 1610 767 1652 nullae
784 1617 894 1656 sunt.

370 1667 528 1709 XXIV.
565 1669 725 1721 Quaest.
758 1671 822 1712 An
850 1687 944 1728 erqo
966 1675 1093 1716 vitam
1120 1683 1344 1727 aeternam,
1373 1691 1503 1732 quam
1525 1678 1608 1719 Lex
1630 1675 1669 1719 ἃ
1686 1679 1962 1732 Euanyelmm
1977 1677 2137 1732 pariter
2153 1689 2252 1731 pro-

315 1728 497 1777 mittunt,
526 1728 664 1783 fideles
697 1730 905 1784 accipiam
938 1733 978 1774 υἱ
999 1735 1218 1790 'utriusque
1244 1736 1552 1789 promissionis,
1571 1750 1643 1779 seu
1660 1737 1887 1778 seeumlwm
1916 1744 2135 1791 utromque
2153 1748 2252 1789 pro-

312 1786 552 1827 missionem
571 1787 738 1841 leyalem
757 1790 840 1831 scic.
864 1789 904 1832 0⁰&
920 1793 1226 1847 Euanqele'eam.
1261 1795 1375 1848 Resp.
1400 1793 1637 1836 Secundum
1659 1794 1984 1850 Euangelieam:
2004 1793 2126 1836 Nova
2143 1792 2254 1835 enim

313 1843 556 1896 foederatio,
581 1848 643 1886 est
660 1845 782 1888 unica
799 1848 906 1890 ratio
930 1854 1023 1904 qua,
1041 1866 1117 1905 per
1134 1866 1273 1905 quam,
1293 1854 1369 1894 sub
1387 1856 1469 1907 qua
1487 1854 1700 1895 confertur
1717 1855 1745 1896 81
1765 1853 1995 1907 acquiritur
2012 1853 2138 1903 salus,
2158 1850 2255 1893 unio

314 1905 458 1944 nostra
490 1917 584 1944 cum
607 1903 710 1955 DeO,
734 1906 973 1958 beatitudo;
997 1925 1070 1951 seu
1098 1913 1161 1951 est
1184 1910 1351 1953 unicum
1370 1914 1495 1965 atque
1514 1913 1796 1967 adaequatum
1818 1911 2152 1960 fundamentum,
2173 1924 2253 1964 quo

314 1961 450 2016 posito
466 1962 650 2016 ponitur,
675 1977 756 2017 quo
774 1966 915 2007 ablato
934 1968 1123 2009 aufertur
1145 1969 1271 2011 salus.

375 2019 456 2061 Sed
473 2020 680 2075 objicitur.
703 2023 737 2063 l.
761 2024 904 2079 Objecl.
938 2025 1070 2080 Atqui
1087 2042 1213 2081 opera
1231 2030 1255 2069 a
1272 2029 1465 2072 fidelibus
1483 2030 1709 2072 secundum
1726 2030 1864 2085 legem
1882 2028 2085 2082 praestita
2097 2027 2256 2069 habent

316 2078 564 2120 relationem
582 2081 634 2121 ad
650 2080 782 2123 vitam
799 2086 1027 2136 aeternam,
1047 2086 1139 2141 lege
1156 2087 1418 2140 promissam.
1450 2090 1565 2143 Hesp.
1590 2087 1758 2130 Habere
1775 2087 2023 2130 relationem
2042 2087 2093 2128 ad
2111 2085 2253 2134 vitam,

318 2153 424 2192 quae
457 2138 551 2193 lege
582 2140 856 2193 promittitur,
891 2145 1088 2186 concedo:
1118 2146 1169 2186 ad
1188 2145 1318 2188 vitam
1336 2150 1556 2201 quatenus,
1576 2149 1648 2188 aut
1669 2147 1747 2189 sub
1768 2147 1842 2188 1110
1859 2145 2040 2197 formali,
2064 2147 2146 2199 qua
2163 2145 2257 2200 lege

319 2196 611 2251 promittitur?
646 2199 767 2254 Ncqo.
800 2200 881 2242 Vel
910 2201 981 2253 sic,
1001 2202 1035 2244 si
1054 2203 1184 2245 vitam
1201 2203 1295 2259 lege
1318 2206 1566 2259 promissam
1583 2205 1873 2256 materialiter,
1893 2205 2115 2252 abstracte,
2133 2202 2176 2244 in
2199 2218 2256 2254 se,

320 2256 348 2296 &
367 2255 570 2310 objective
588 2256 833 2315 consideres,
852 2262 1030 2303 concedo
1047 2278 1054 2312 ;
1073 2262 1136 2304 3111
1155 2262 1391 2306 formaliter
1413 2266 1441 2307 &
1460 2265 1701 2319 subjective,
1726 2267 1772 2306 ut
1789 2267 1852 2306 est
1868 2263 1911 2304 in
1928 2263 2037 2317 lege,
2055 2265 2181 2316 atque
2198 2260 2257 2303 ibi

319 2313 594 2370 promittitur,
614 2316 733 2370 Nego.
1693 2364 1695 2366 ,

382 2373 420 2413 2.
447 2373 592 2427 ObJeet.
625 2373 710 2415 Lex
743 2376 892 2418 dicitur
916 2393 1036 2420 usum
1053 2395 1175 2421 suum
1191 2379 1347 2422 habere
1366 2396 1412 2422 ac
1431 2397 1696 2436 praeparare,
1716 2384 1812 2423 ante
1831 2380 2038 2422 actualem
2054 2378 2255 2433 receptio-

322 2445 418 2472 nem
450 2432 798 2476 reconciliationis
830 2437 859 2478 81
886 2436 1200 2490 justificationis
1231 2454 1305 2493 per
1336 2440 1462 2481 fidem
1493 2440 1536 2481 in
1571 2440 1785 2482 Christum
1807 2455 1881 2481 seu
1902 2439 1944 2480 in
1961 2437 2258 2493 promissiones

323 2490 571 2544 Euangelii:
592 2505 691 2546 ergo
710 2494 873 2535 videtur
894 2495 1115 2550 promissio
1133 2497 1253 2552 legis,
1273 2513 1379 2552 quae
1397 2513 1491 2539 cum
1506 2499 1742 2553 praeceptis
1760 2499 1848 2552 ejus
1866 2511 2051 2539 connexa
2073 2499 2148 2547 est,
2171 2495 2258 2559 for-

324 2546 491 2588 maliter
522 2548 582 2589 ita
614 2552 875 2595 considerata
890 2554 1218 2596 instrumentum
1241 2557 1270 2599 81
1289 2557 1473 2598 1110(1111111
1491 2572 1579 2599 esse
1603 2557 1764 2604 salutis,
1785 2559 1814 2600 81
1831 2554 2098 2597 manuductio
2122 2555 2174 2595 ad
2195 2568 2257 2594 Vl-

325 2608 413 2647 tam
442 2610 667 2649 aeternam.
701 2613 817 2666 Hesp.
851 2611 897 2653 Si
915 2613 963 2654 de
980 2612 1260 2656 instrumento
1277 2614 1306 2656 81
1323 2615 1458 2657 medio
1476 2616 1665 2669 proximo
1683 2631 1756 2657 seu
1777 2615 1946 2657 formali
1963 2612 2168 2668 principio
2187 2626 2258 2652 ex-

325 2666 444 2704 terno
478 2665 696 2721 intelligis,
732 2670 859 2725 Ne90:
887 2671 945 2712 sic
963 2671 1074 2712 enim
1096 2672 1352 2715 tribueretur
1369 2674 1467 2729 legi,
1485 2675 1595 2728 quod
1613 2676 1674 2715 est
1692 2674 1821 2715 solius
1839 2671 2065 2727 Euangelii
2081 2673 2196 2714 Rom.
2219 2671 2256 2710 1.

326 2736 363 2764 v.
385 2723 451 2762 16.
486 2723 559 2764 Sin
591 2725 639 2765 (10
670 2727 948 2771 instrumento
965 2734 1138 2781 remoto,
1158 2747 1231 2772 seu
1252 2733 1386 2774 mavis
1403 2732 1637 2786 propinquo
1654 2732 1795 2786 aliquo
1817 2731 2099 2780 antecedente,
2120 2730 2194 2793 aut
2210 2728 2260 2769 de

328 2779 532 2835 principio
559 2797 632 2823 seu
648 2800 773 2828 causa
789 2789 878 2829 sine
896 2793 978 2842 qua
994 2803 1090 2841 non,
1114 2792 1321 2844 quatenus
1339 2791 1425 2833 scil.
1444 2806 1519 2846 pro
1542 2793 1660 2846 parte
1683 2794 1759 2832 sua
1777 2806 1860 2833 non
1877 2789 2038 2832 confert
2049 2788 2260 2844 justitiam

2232 2847 2260 2890 &
