2399 3084
810 101 862 127 IN
915 85 1104 126 [tanus
1152 84 1340 127 me.
2017 82 2042 122 3

103 216 133 258 81
164 212 437 256 absurditatis
455 212 579 253 fidem
595 214 782 253 nostram
800 211 1000 264 arguunt,
1018 211 1066 250 ut
1083 210 1194 250 recte
1215 207 1440 262 distinguit
1474 207 1651 249 Thomas
1666 220 1708 261 p.
1729 205 1846 260 1.(711.
1862 203 2044 246 l.art.8.

105 273 223 314 Adde
250 272 361 327 quod
383 271 664 325 oppugnando
692 269 846 310 directe
871 268 1024 309 falsam
1051 266 1344 320 Theologiam,
1371 268 1672 320 consequenter
1700 263 1946 307 &indirecte
1962 264 2045 304 una

106 333 345 386 propugnet
367 344 532 371 veram:
562 328 862 383 impedimenta
886 326 974 368 scil.
1000 327 1029 368 81
1056 326 1312 380 praejudicia
1328 325 1590 375 removendo,
1610 324 1638 365 &
1656 323 1714 365 310
1730 323 1843 364 viam
1864 322 1917 363 ad
1937 321 2046 363 veri-

105 393 237 431 tatem
263 389 502 430 muniendo.
535 387 681 428 Talem
713 386 809 427 fidoi
828 385 1110 426 defensionem
1128 384 1267 426 videre
1285 387 1349 426 est
1366 384 1476 437 apud
1493 384 1813 437 Mhenaqoram,
1830 380 2045 423 lustinum

108 449 348 503 sllartyrent,
384 448 622 489 Clementem
659 445 1005 493 .-1t‹·oeamlrinam‚
1028 444 1260 497 Oriyenein,
1287 445 1323 485 T
1319 443 1604 491 ertzttttmtam,
1622 440 1855 484 Arnobium
1870 440 2046 482 Lactan-

108 508 224 558 tinm,
242 507 540 561 Aayastinam,
563 505 874 554 Tlteottorentm,
896 503 1098 559 Cyrillam
1115 502 1466 550 AMmandrinam,
1486 500 1581 549 a·0.,·
1595 500 1624 541 81
1637 498 1911 540 intermediae
1928 499 2044 539 aeta-

106 566 163 606 ris
185 565 407 619 scriptores
434 564 634 607 leomatn
656 571 798 605 eontra
813 569 962 617 flentes,
981 561 1240 617 reliquosque
1255 560 1534 610 Scltolasticos,
1553 559 1588 599 si
1605 573 1699 600 011111
1712 558 1874 599 delectu
1892 557 1921 599 81
1933 555 2047 610 judi-

107 625 169 666 cio
193 624 388 665 solidiora
416 625 713 676 excerpantm·;
744 621 846 662 item
873 621 1173 662 Sauonarotam
1199 620 1244 660 in
1272 619 1338 661 tib.
1358 619 1407 660 (te
1428 617 1640 672 triumpho
1657 617 1802 667 erneis,
1820 617 2048 670 Raymun-

106 683 210 724 (lain
227 683 275 724 cle
296 682 491 724 Sabantle
513 683 558 722 in
587 680 801 734 leeoloqia
820 679 1007 721 natarali
1019 694 1033 727 ;
1060 679 1325 720 Cardinalent
1347 678 1579 727 Cusanum,
1593 676 1850 730 Dionysiam
1869 673 2048 716 Cartha-

108 743 293 793 sianam,
322 742 504 795 aliosque
526 748 669 781 contra
693 738 1032 783 Maltamedistas,
1051 737 1303 778 recentiores
1322 736 1499 790 denique
1516 735 1772 777 Ladovicmn
1799 734 1946 784 Vtvem,
1963 733 2050 775 Aa·

106 802 323 854 {justitiam
354 800 586 848 Slenchxam,
622 799 901 848 Clam-ronam,
935 796 1263 851 quaestionarios
1295 795 1565 838 Scliola-stieos
1598 792 1638 836 {t
1654 799 1988 835 commentatores
2004 791 2051 833 in

108 859 391 902 Lombmztmn
424 858 652 909 lemani‚·
670 855 862 910 inprimis
881 855 991 909 apud
1010 856 1248 896 Plessaeatn
1265 855 1311 896 in
1326 854 1483 908 eqreqto
1502 860 1679 895 tractata
1697 852 1746 894 de
1760 851 1929 893 veritate
1946 850 2052 893 Reti·

107 918 243 973 yionis
276 917 561 960 Christianae:
590 915 742 969 quibus
763 914 935 968 adjungi
953 916 1129 967 possunt
1146 912 1455 967 Antagonistae
1473 910 1791 954 Socinianorum
1808 909 1912 952 alibi
1928 908 2051 951 nobis

109 976 241 1019 citati.

169 1034 214 1079 3.
244 1034 324 1076 His
352 1033 595 1088 praemissis
629 1032 804 1073 dicimus
838 1031 999 1072 nullam
1022 1030 1228 1071 rationem
1252 1030 1482 1071 humanam
1504 1043 1593 1070 esse
1609 1027 1864 1083 principium
1881 1040 1962 1082 quo
1979 1040 2052 1068 seu

108 1109 184 1148 per
213 1094 336 1150 quod,
371 1096 443 1133 aut
470 1107 518 1134 er
534 1105 613 1147 qno
632 1106 705 1131 seu
722 1103 796 1131 ear
813 1089 1042 1140 credamus,
1067 1091 1141 1129 aut
1161 1089 1484 1129 fundamentum
1502 1090 1575 1129 aut
1593 1088 1744 1142 legem,
1767 1089 1841 1128 aut
1861 1099 2051 1126 normam

111 1153 409 1194 credendorum
428 1166 477 1192 ex
490 1151 607 1203 cuius
625 1149 882 1203 praescripto
896 1149 1151 1201 judicemus:
1177 1150 1303 1201 atque
1321 1147 1423 1188 adeo
1438 1147 1596 1187 salsum
1613 1159 1696 1186 non
1710 1159 1799 1186 esse
1810 1144 2052 1186 habendum

111 1212 213 1252 illud
233 1212 272 1251 in
293 1211 417 1251 rebus
436 1210 532 1249 fidei
550 1224 583 1249 0.
604 1223 643 1261 g.
664 1209 906 1258 trinitatem,
922 1215 1133 1261 peccatam
1150 1207 1367 1261 origyinale,
1388 1205 1599 1248 Christain
1614 1204 1874 1252 Ξεὰνὲνρωπου
1884 1203 2052 1258 eiusque

113 1270 448 1324 satisfactionem,
463 1268 666 1322 quidquid
683 1267 824 1308 lumen
841 1266 1035 1307 naturale
1054 1267 1128 1306 aut
1143 1265 1251 1306 ratio
1273 1264 1460 1305 humana
1477 1279 1528 1304 ex
1544 1262 1754 1317 prioribus
1774 1261 1803 1303 81
1818 1261 2053 1303 notioribus

113 1344 196 1369 11011
228 1328 380 1382 capiat,
409 1328 475 1368 vel
493 1327 603 1380 quod
620 1326 672 1366 ad
689 1327 928 1366 accuratam
946 1324 1245 1375 definitionem,
1268 1324 1332 1364 vel
1356 1323 1467 1377 quod
1488 1322 1540 1363 ad
1557 1320 1968 1371 demonstrationem,
1988 1319 2053 1361 vel

114 1387 224 1442 quod
259 1387 311 1428 ad
339 1386 457 1442 [pag.
492 1385 539 1440 4]
574 1387 822 1438 utrumque:
847 1384 919 1424 sed
936 1385 1080 1425 contra
1101 1382 1255 1424 resolvi
1271 1382 1396 1422 fidem
1418 1383 1619 1431 nostram,
1637 1382 1684 1421 ut
1701 1380 1821 1421 notat
1837 1377 2053 1429 credenda,

115 1447 158 1487 in
177 1444 221 1487 S.
239 1444 501 1499 Scripturam
518 1460 525 1492 ;
545 1446 592 1484 ut
613 1445 733 1484 notat
751 1445 891 1483 actum
912 1441 1118 1492 credendi,
1136 1441 1180 1481 111
1197 1439 1553 1482 illuminationem
1570 1438 1752 1493 Spiritus
1776 1436 1932 1479 Sancti.
1951 1436 2054 1477 Pro-

113 1505 237 1545 batur
263 1503 295 1546 Ι,
321 1503 420 1557 quia
440 1503 547 1544 ratio
564 1501 747 1543 hominis
766 1501 987 1555 irregeniti
1010 1500 1118 1541 circa
1135 1500 1273 1555 legem
1297 1498 1483 1540 divinam
1500 1497 1693 1539 caecutit.
1712 1496 1819 1551 Eph.
1837 1496 1876 1537 4.
1899 1495 1965 1538 17.
1988 1495 2054 1536 18.

117 1564 230 1606 Rom.
266 1564 302 1604 1.
331 1564 399 1603 21.
430 1563 498 1602 22.
528 1562 596 1602 23.
628 1561 736 1601 circa
762 1559 1048 1614 Euangelium
1065 1559 1190 1612 plane
1213 1572 1334 1599 caeca
1352 1560 1429 1609 est,
1450 1571 1588 1598 merae
1609 1556 1820 1597 tenebrae.
1841 1555 1879 1596 1.
1907 1555 1998 1597 Cor.
2017 1553 2056 1594 1.

116 1622 185 1662 23.
215 1623 244 1664 81
269 1622 308 1662 2.
334 1621 402 1662 25.
420 1620 507 1661 Joh.
536 1620 571 1660 1.
593 1620 632 1660 5.
652 1634 746 1660 cum
765 1619 804 1659 9.
822 1619 928 1672 Epa.
948 1618 986 1659 5.
1007 1618 1045 1658 8.
1069 1616 1124 1658 Π.
1144 1616 1252 1665 Quia
1274 1617 1409 1657 multa
1426 1617 1525 1657 sunt
1542 1613 1745 1670 mysteria
1761 1613 1806 1654 in
1823 1611 2058 1667 Theologia

118 1682 274 1728 nostra,
304 1679 388 1720 imo
415 1681 552 1720 totum
575 1677 860 1732 Eri-angelium
889 1677 1040 1718 dicitur
1056 1675 1318 1730 mysterium.
1340 1675 1376 1716 1.
1408 1674 1510 1716 Tim.
1530 1675 1569 1715 3.
1595 1673 1662 1714 16.
1681 1673 1780 1715 Mat.
1807 1671 1872 1713 13.
1895 1671 1962 1712 11.
1997 1669 2056 1712 At

116 1739 286 1780 illorum
307 1738 367 1778 nil
389 1737 567 1791 percipit
584 1737 709 1778 homo
727 1735 922 1777 animalis
941 1736 1098 1788 absque
1117 1734 1257 1775 divina
1272 1733 1540 1782 revelatione,
1559 1747 1634 1774 nec
1651 1731 1763 1787 quod
1779 1730 1844 1782 sit,
1867 1744 1944 1771 nec
1958 1729 2059 1785 qaia

117 1798 183 1839 sit.
209 1796 445 1851 Regenitus
463 1799 606 1837 autem
624 1795 752 1836 etiam
770 1809 865 1835 011111
885 1794 998 1835 intra
1015 1794 1045 1835 81
1062 1808 1190 1846 supra
1207 1793 1312 1833 alios
1330 1792 1488 1846 optime
1506 1806 1549 1832 se
1567 1791 1698 1832 habet
1713 1790 1758 1830 in
1775 1788 1923 1844 primis
1943 1802 2056 1829 sum·

119 1855 280 1908 misque
304 1855 401 1896 fidei
430 1854 653 1908 capitibus,
688 1868 738 1894 ex
765 1853 970 1894 accuratis
998 1851 1311 1893 definitionibus
1338 1849 1383 1888 τὸ
1409 1850 1525 1905 qaid,
1556 1848 1774 1905 quomodo,
1809 1848 1838 1889 81
1860 1846 2058 1902 quianon

117 1914 311 1968 percipit,
349 1913 421 1954 sed
448 1915 615 1954 tantum
638 1912 749 1969 qaod
764 1912 815 1953 sit
835 1926 885 1952 ex
907 1910 1219 1964 supernaturali
1239 1909 1494 1950 revelatione
1516 1907 1700 1962 Spiritus
1718 1906 1761 1949 S.
1782 1907 1881 1947 Mat.
1903 1905 1970 1946 19.
1990 1904 2057 1946 17.

120 1976 149 2015 81
180 1974 246 2013 13.
278 1972 343 2012 11.
373 1972 442 2013 25.
476 1972 545 2013 27.
574 1970 651 2012 ΠΙ.
679 1970 786 2018 Quia
809 1969 990 2011 essentia
1011 1970 1040 2011 81
1058 1968 1265 2009 attributa
1284 1966 1465 2008 Deitatis
1483 1966 1535 2007 ab
1553 1966 1739 2007 humana
1755 1966 1894 2005 mente
1910 1963 2059 2004 imme-

121 2031 247 2082 diate,
266 2031 512 2084 adaequate,
530 2032 578 2070 ut
596 2032 693 2070 sunt
709 2029 752 2069 111
775 2044 831 2080 30,
850 2032 976 2082 atque
994 2028 1096 2068 adeo
1114 2026 1298 2080 perfecte
1316 2040 1399 2066 non
1416 2024 1848 2078 comprehenduntur:
1877 2022 1950 2064 sed
1964 2023 2060 2062 tan-

120 2093 213 2131 tum
235 2104 309 2144 per
326 2089 436 2130 viam
454 2088 707 2143 negationis,
726 2086 1002 2137 causalitatis,
1021 2085 1296 2127 eminentiae:
1320 2083 1450 2124 habet
1468 2083 1579 2124 enim
1595 2097 1638 2124 se
1655 2082 1725 2123 1110
1741 2096 1859 2122 mens
1874 2080 2061 2121 humana

124 2151 170 2189 ut
191 2148 302 2189 oculi
322 2150 570 2188 noctuarum
586 2147 639 2188 ad
655 2145 810 2188 Solem.
844 2145 954 2193 Quin
972 2144 1101 2186 etiam
1119 2144 1168 2184 de
1191 2142 1388 2197 operibus
1405 2142 1487 2183 Dei
1502 2143 1685 2183 testatur
1701 2139 1932 2194 Scriptura,
1949 2137 2062 2192 quod

122 2206 417 2260 comprehendi
447 2221 530 2247 non
563 2205 725 2260 possint
757 2206 874 2247 Rom.
912 2204 978 2244 11.
1012 2204 1081 2244 33.
1117 2203 1184 2243 34.
1213 2201 1300 2244 Job.
1325 2201 1393 2241 41.
1414 2201 1452 2241 2.
1471 2201 1549 2242 Jes.
1574 2199 1644 2242 40.
1665 2199 1732 2240 13.
1758 2198 1796 2240 1.
1823 2198 1914 2240 Cor.
1933 2197 1972 2237 2.
1994 2196 2060 2237 19.

123 2264 291 2306 Nedum
319 2267 367 2305 ut
382 2279 584 2318 personae
605 2263 852 2312 Trinitatis3
877 2262 1068 2304 Christus
1091 2261 1342 2314 redemptor,
1366 2259 1395 2301 81
1412 2261 1549 2300 totum
1570 2257 1820 2312 mysterium
1835 2254 2061 2309 redempti-

122 2324 213 2364 onis
239 2323 402 2364 ratione
430 2323 617 2364 humana
641 2321 937 2376 comprehendi
952 2320 1099 2374 possit.
1133 2318 1285 2360 Confer
1300 2318 1369 2359 hic
1385 2316 1679 2372 disputationis
1702 2315 1997 2370 Tlteoloqormn
2014 2313 2064 2356 de

123 2382 274 2425 visione
309 2380 350 2423 «PC
376 2381 602 2436 eoqnitione
631 2381 723 2432 Dei,
755 2381 881 2435 deque
897 2380 984 2434 ejus
1001 2377 1495 2431 ineompreltensibilitate.
1527 2375 1604 2418 IV.
1622 2374 1730 2424 Quia
1746 2388 1863 2415 mens
1879 2371 2062 2414 hominis

122 2440 316 2495 regeniti,
347 2439 555 2493 imprimis
582 2439 617 2480 si
640 2439 775 2480 adhuc
801 2437 942 2479 infans
967 2439 1035 2488 sit,
1070 2437 1108 2478 1.
1134 2438 1224 2478 Cor.
1244 2438 1282 2477 3.
1311 2436 1347 2476 1.
1367 2435 1406 2476 2.
1424 2434 1521 2476 Heb.
1541 2434 1580 2475 5.
1601 2434 1668 2474 12.
1695 2433 1763 2474 13.
1781 2446 1876 2473 cum
1890 2430 2004 2476 Phil.
2023 2431 2062 2471 3.

129 2500 194 2540 15.
224 2498 468 2552 imperfecte
486 2499 515 2540 81
533 2513 583 2538 ex
605 2500 726 2551 parte
742 2497 812 2538 hic
829 2495 1056 2551 cognoscit.
1079 2496 1115 2536 1.
1138 2494 1229 2537 Cor.
1256 2495 1323 2535 13.
1344 2494 1411 2534 12.
1443 2492 1712 2546 Multumque
1729 2491 1896 2532 nativae
1915 2487 2063 2543 caligi-

125 2557 189 2598 nis
221 2571 386 2610 semper
415 2557 455 2597 ei
482 2556 707 2605 adhaeret3
735 2555 833 2596 hinc
850 2554 1093 2605 difficultas,
1112 2552 1390 2607 imperfectio,
1409 2551 1654 2601 obscuritas,
1672 2548 1860 2591 confusio
1878 2547 1923 2589 in
1938 2547 2064 2588 rebus

126 2616 276 2657 divinis
294 2614 614 2670 cognoscendis:
634 2613 733 2655 Non
755 2616 819 2655 est
835 2613 979 2666 itaque
996 2611 1251 2666 principium
1268 2610 1365 2651 fidei
1377 2609 1556 2660 divinae,
1568 2608 1636 2650 cui
1649 2622 1732 2650 non
1744 2608 1883 2662 potest
1894 2605 2064 2647 subesse

128 2675 296 2715 falsum.
330 2673 384 2714 V.
417 2672 678 2726 Principium
708 2675 771 2714 est
797 2671 1039 2722 infallibile,
1063 2671 1172 2712 unde
1199 2669 1335 2723 primo
1363 2668 1552 2709 educitur
1569 2682 1616 2708 ac
1633 2667 1956 2716 demonstratur,
1974 2663 2063 2706 &in

126 2733 237 2787 quod
255 2732 405 2773 ultimo
422 2732 644 2773 resolvitur
661 2731 777 2782 fides,
795 2733 839 2771 at
855 2729 954 2771 talis
972 2744 1055 2770 non
1073 2731 1135 2784 est
1156 2728 1263 2768 ratio
1280 2727 1478 2776 humana,
1497 2726 1626 2781 Ergo.
1645 2724 1809 2766 Ultima
1827 2723 1938 2765 enim
1951 2736 2064 2763 reso-

128 2790 235 2832 lutio
261 2790 449 2832 fidelium
483 2793 547 2832 est
575 2804 657 2832 non
683 2803 767 2845 aaa
784 2791 858 2831 aut
871 2789 973 2844 quia
989 2802 1068 2842 ego
1084 2787 1146 2828 ita
1162 2786 1369 2840 inteHigo,
1386 2785 1521 2840 capio,
1534 2784 1689 2839 judico,
1704 2783 1797 2825 ideo
1815 2783 1864 2824 de
1886 2782 1966 2823 fide
1989 2783 2067 2880 esii

1995 2852 2038 2881 se
