2399 3084
321 145 405 186 194
457 143 596 185 DISP.
630 141 729 184 VII.
762 141 1213 182 PROBLEMATUM
1244 153 1307 180 DE
1339 137 1576 180 MERITO
1610 137 1864 180 Cnnls'rl
1896 138 2036 180 PAns
2068 137 2127 180 II.

315 266 384 306 hic
415 265 744 313 concedendum
780 265 827 304 ut
859 262 948 304 scil.
983 264 1100 303 tanto
1124 261 1264 302 minus
1282 260 1449 302 odiosus
1467 261 1522 302 sit
1538 260 1655 316 rigor
1671 263 1839 302 nostrae
1857 261 2106 314 sententiae,
2129 264 2201 303 aut
2218 264 2265 304 ut

318 325 397 365 hac
428 323 625 364 methodo
658 321 825 363 facilius
854 321 883 363 81
905 321 1040 362 tutius
1075 320 1334 362 adversarios
1365 319 1613 361 refutemus.
1646 319 1824 362 Frustra
1855 321 1986 362 talem
2024 320 2067 361 in
2094 320 2263 374 phrasi,

317 380 639 430 συγκατάβασιυ,
672 383 745 421 aut
776 380 908 421 talem
939 379 1186 421 methodum
1219 381 1243 419 a
1275 378 1488 420 nonnullis
1520 381 1759 420 nostrorum
1792 379 2041 430 adhibitam,
2076 394 2126 420 ex
2143 379 2265 421 unico

317 442 424 482 libro
446 440 532 481 Joli.
568 439 742 482 Windelc
764 440 829 495 (ut
846 439 950 480 alios
967 453 1078 479 nunc
1094 437 1374 492 praeteream)
1399 437 1595 492 cognosci
1611 439 1773 491 potest:
1793 437 1866 478 ubi
1885 451 1974 493 cap.
1997 439 2062 479 12.
2088 440 2263 492 stupen-

318 501 414 540 dam
446 497 756 552 blasphemiam
788 500 922 549 vocat,
958 497 1232 539 assertionem
1256 496 1305 537 de
1328 495 1496 537 Christo
1515 511 1597 537 non
1616 498 1782 537 mortuo
1798 511 1875 550 pro
1899 496 2087 538 omnium
2105 497 2265 547 salute3

318 559 405 612 ejus
427 572 518 598 reos
535 557 702 611 peragit
719 556 963 608 Lutlzeruni,
983 555 1302 605 Melantlwnein,
1322 555 1545 606 Bucerum,
1569 555 1803 605 Calvinum,
1822 555 1992 607 Bezam,
2014 556 2266 607 Musculuin,

318 617 572 672 Boquimtm,
599 616 750 658 dolum.
770 615 970 658 „iacobum
992 615 1249 671 Grynuemn,
1275 615 1522 664 rossanum,
1549 613 1749 664 Pareum,
1775 614 2023 665 Zanehiuin,
2043 615 2266 656 Kimedon—

318 677 436 717 tium.
470 674 574 728 Ejus
592 674 915 715 fundamentum
933 673 1036 715 facit
1055 673 1163 729 (cap.
1185 672 1272 727 14.)
1291 672 1530 713 absolutam
1547 671 1627 713 Dei
1644 673 1920 724 voluntatem,
1946 673 1974 714 Sc
1992 673 2124 714 fixum
2140 688 2265 727 prae-

319 733 610 775 destinationis
634 733 861 784 decretum,
891 732 1281 785 ordinationemque
1299 746 1522 773 causarum
1539 731 1815 772 secundarum
1837 731 1961 772 fatali
1979 733 2009 774 81
2025 731 2263 773 inevitabili

317 793 567 834 necessitate
585 792 915 833 cohaerentium.
949 791 1026 833 Cui
1057 790 1235 845 opponit
1252 790 1529 831 fundamenta
1547 789 1783 831 sententiae
1803 789 2063 840 pontificiae,
2079 790 2128 832 de
2142 805 2265 845 prae-

319 851 597 893 destinatione
630 865 680 892 ex
712 850 994 904 praevisione3
1029 849 1223 904 Oppositi
1254 852 1328 890 aut
1358 864 1444 891 non
1477 848 1660 903 oppositi
1692 848 1823 890 obicis
1852 849 2018 891 divinae
2036 849 2266 898 vocationi;

318 911 451 965 deque
484 910 701 951 voluntate
734 909 1005 950 antecedente
1039 923 1112 950 seu
1140 908 1441 960 conditionata,
1475 909 1504 950 &
1526 910 1820 961 consequente.
1855 907 2022 949 Addere
2040 908 2267 960 debuisset,

319 969 631 1010 distinctionem
664 968 968 1022 praescientiae
999 967 1094 1018 Dei,
1126 967 1170 1008 in
1193 966 1432 1008 absolutam
1455 968 1485 1009 a
1501 966 1831 1008 conditionatam
1848 966 2089 1008 futurorum
2106 967 2268 1009 contin-

318 1028 531 1083 gentium3
568 1027 725 1068 adhaec
759 1027 1070 1068 distinctionem
1099 1026 1264 1082 gratiae
1282 1025 1324 1066 in
1345 1025 1627 1067 sufficientem
1646 1026 1675 1067 St
1693 1025 1920 1067 efficacem.
1954 1025 2072 1067 Idem
2090 1040 2177 1081 cap.
2200 1026 2267 1068 15.

319 1087 597 1128 emollitiones
617 1086 694 1141 (ita
716 1086 882 1140 loquar)
901 1086 988 1127 sive
1006 1085 1199 1139 phrasios
1219 1084 1246 1126 δε
1268 1084 1382 1125 modi
1399 1084 1610 1138 loquendi,
1630 1084 1718 1125 sive
1735 1084 1869 1138 ipsius
1888 1085 2145 1136 assertionis,
2165 1100 2269 1140 quas

319 1148 343 1187 a
365 1145 519 1187 nostris
537 1145 750 1186 adhibitas
769 1144 882 1196 dicit,
901 1147 1107 1198 tanquam
1123 1144 1381 1198 imposturas
1399 1143 1429 1184 St
1446 1143 1629 1194 fraudes,
1649 1144 1678 1185 St
1695 1145 1899 1197 tanquam
1917 1144 2268 1185 contradictiones

319 1207 427 1260 (cup.
467 1205 533 1245 17.
568 1205 597 1246 St
630 1204 718 1256 20.)
753 1203 930 1254 furores,
954 1203 983 1244 St
1000 1203 1175 1257 spiritus
1192 1201 1415 1257 vertiginis
1430 1217 1439 1252 ;
1457 1216 1533 1243 nec
1549 1217 1633 1243 non
1650 1201 1747 1242 fidei
1765 1201 2006 1256 frequentes
2025 1203 2270 1244 variationis

320 1263 429 1319 (cap.
457 1263 523 1304 18.
543 1263 573 1304 δι
599 1262 684 1316 19.)
708 1262 979 1304 vehementer
997 1261 1200 1317 exagitat.

491 1369 1148 1418 PROBLEMATUM
1198 1368 1303 1415 DE
1354 1367 1683 1415 MERITO
1739 1368 2093 1417 CHRISTI

1123 1459 1231 1492 PARS
1256 1459 1423 1492 TERTIA.
1440 1460 1462 1499 1)

382 1540 425 1585 1.
461 1541 598 1583 Probi.
632 1540 742 1588 Quid
769 1539 1040 1580 statuendum
1079 1539 1128 1579 de
1161 1539 1243 1580 isto
1276 1539 1430 1580 Achille
1460 1551 1554 1579 vero
1576 1536 1614 1578 ἃ
1632 1537 1779 1578 invicto
1793 1550 1872 1591 pro
1890 1538 2027 1592 qratid
2043 1538 2272 1580 uiiiversali

321 1603 345 1642 a
379 1601 631 1655 quibusdam
648 1598 878 1653 Theologis
910 1598 1067 1638 alicubi
1085 1597 1268 1649 defensa,
1287 1611 1412 1651 quem
1429 1597 1507 1637 hoc
1523 1597 1650 1637 titulo
1668 1596 1866 1649 proponit
1883 1600 1911 1635 Sc
1928 1597 2093 1650 reponit
2110 1597 2269 1638 Paulus

321 1659 551 1700 Testardus
584 1659 628 1699 in
662 1660 875 1711 postremo
909 1657 1065 1710 scripto
1089 1656 1155 1697 cui
1189 1656 1257 1699 tit.
1290 1655 1354 1697 De
1395 1658 1549 1696 natura
1586 1656 1615 1697 St
1648 1654 1788 1709 gratia
1805 1655 1990 1702 τετάρται
2006 1655 2198 1707 φροντίδες
2215 1655 2268 1696 Α.

324 1718 447 1758 1649.
466 1718 510 1758 in
529 1719 567 1759 8.
586 1732 625 1771 p.
656 1717 748 1757 101.
772 1716 867 1756 103.
888 1716 1006 1770 [pag.
1028 1715 1134 1770 256]

385 1809 399 1827 „
411 1776 626 1831 Quidquid
657 1788 800 1817 omnes
817 1773 857 1816 a·
877 1774 1035 1828 sinyuti
1052 1774 1239 1815 homines
1256 1781 1330 1815 aut
1349 1780 1542 1814 tenentur
1562 1772 1735 1822 credere,
1753 1779 1826 1813 aut
1844 1773 1973 1814 teneri
1984 1781 2164 1827 possunt
2181 1786 2268 1816 cre-

324 1837 441 1887 „dere
456 1835 530 1877 eub
545 1848 679 1889 poena
696 1833 995 1875 incredulitatis
1017 1833 1063 1873 in
1079 1833 1307 1887 Euangyelio
1324 1832 1597 1880 denuntiatd;
1618 1830 1724 1872 illud
1740 1844 1884 1872 verum
1902 1839 1971 1873 est.

384 1894 531 1950 „Atqui
553 1906 695 1936 omnes
713 1892 752 1934 a·
769 1892 927 1946 sinquli
942 1892 1128 1933 homines
1153 1899 1354 1942 tenentur,
1372 1898 1443 1932 dut
1461 1891 1588 1932 teneri
1601 1897 1780 1944 possunt
1797 1889 2052 1945 (Euangelio
2071 1891 2267 1932 videlicet

326 1954 434 2004 „illis
466 1952 719 2007 praedicato,
749 1951 860 2005 quod
878 1953 941 1992 est
957 1950 1151 1991 omnibus
1170 1952 1199 1992 δι
1222 1950 1416 2005 singulis,
1439 1963 1510 1991 seu
1527 1949 1642 1990 omni
1657 1956 1867 1990 creaturae
1884 1949 2096 1990 humanae
2112 1952 2266 1991 natura

325 2028 423 2063 „sua
454 2011 754 2066 praedicabile)
781 2010 941 2051 credere
957 2009 1034 2051 sub
1054 2010 1191 2063 poenti
1208 2009 1508 2050 incredulitatis
1540 2007 1798 2058 denuntiant,
1827 2007 1961 2050 Deum
1981 2009 2078 2049 velle
2094 2022 2160 2049 eos
2183 2010 2264 2051 sat-

325 2086 417 2123 „vos
449 2071 552 2127 sieri,
580 2069 619 2112 a·
641 2070 852 2111 Christum
868 2082 945 2122 pro
962 2068 1014 2109 iis
1031 2082 1114 2109 esse
1130 2075 1361 2118 mortuum,
1384 2075 1430 2109 ut
1448 2067 1609 2108 sublato
1618 2066 1805 2120 justitiae
1816 2079 1891 2121 per
1911 2067 1999 2120 ejus
2016 2067 2267 2123 sacrificiunt

325 2131 494 2184 „0⁴i90re,
524 2136 688 2184 possent
719 2129 775 2169 ad
796 2128 972 2169 salutem
986 2140 1063 2181 per
1078 2127 1191 2168 viam
1207 2127 1304 2183 fidei
1325 2125 1365 2168 ἃ
1381 2125 1682 2180 resipiscentiae
1697 2125 1847 2174 vocari,
1873 2123 1914 2166 ec
1930 2138 2012 2166 sese
2027 2125 2063 2166 ei
2079 2126 2267 2167 commit-

324 2197 472 2239 „tentes
488 2202 536 2230 ac
552 2196 653 2229 totos
670 2187 874 2229 credentes
888 2186 1050 2240 possint
1066 2186 1236 2226 servari.

384 2247 523 2302 „Ergo
565 2248 711 2288 Verum
741 2253 798 2286 est
829 2245 968 2287 Deum
1001 2246 1094 2287 velte
1125 2257 1267 2285 omnes
1288 2243 1328 2285 a·
1345 2244 1529 2298 sinqulos
1550 2243 1684 2285 salvos
1700 2242 1805 2298 sieri,
1827 2240 1868 2283 Bc
1889 2242 2102 2284 Christum
2116 2256 2196 2297 pro
2216 2243 2267 2284 iis

326 2320 432 2357 „esse
447 2310 678 2355 mortuum,
696 2312 741 2346 ut
763 2302 837 2345 ecc.

380 2366 498 2419 Resp.
532 2363 789 2418 Argumenti
822 2362 946 2416 hujus
978 2361 1130 2402 vitium
1162 2361 1191 2402 St
1214 2361 1439 2402 infirmitas
1459 2362 1555 2401 ante
1577 2360 1656 2400 hac
1674 2361 1841 2400 ostensa
1860 2361 1935 2410 est,
1960 2361 1984 2399 a
2003 2359 2203 2401 Perkinso
2220 2361 2266 2401 in

321 2424 450 2466 libello
481 2424 530 2464 de
563 2421 957 2471 Praedestinutione,
995 2421 1175 2461 Gomaro
1199 2421 1245 2460 in
1267 2419 1553 2460 eruditissima
1569 2419 1675 2471 disp.
1695 2418 1744 2459 de
1763 2419 1891 2459 Morte
1910 2418 2085 2459 Cleo-isti.-
2102 2419 2264 2460 Amesio

321 2484 365 2523 in
382 2484 547 2536 refutat.
567 2480 869 2535 anti-synodal.
890 2480 1119 2521 Remonstr.
1140 2478 1195 2519 ad
1210 2479 1327 2519 artic.
1347 2479 1385 2518 2.
1405 2491 1491 2531 cap.
1513 2479 1576 2525 5.,·
1594 2477 1651 2518 Et
1666 2476 1722 2518 ad
1735 2478 1862 2533 finem
1875 2477 2078 2518 Medullae
2088 2492 2104 2525 ;
2123 2478 2264 2518 Pisca-

322 2549 405 2582 tore
425 2548 567 2581 contra
599 2540 815 2588 Varenum,
833 2538 1019 2579 Baronio
1036 2537 1082 2578 in
1104 2537 1377 2591 Philosophia
1401 2536 1637 2590 Tlieoloyiae
1657 2536 1879 2576 ancillante
1897 2535 2067 2575 Emerctc.
2089 2536 2127 2575 3.
2146 2536 2262 2578 artic.

322 2600 418 2646 25.;
449 2599 683 2641 Wendelino
700 2598 764 2640 lib.
793 2600 825 2638 Ι.
843 2610 930 2650 cap.
953 2596 1021 2637 17.
1046 2596 1197 2637 Twisso
1214 2596 1260 2636 in
1288 2595 1481 2637 Vindiciis
1499 2594 1565 2636 lib.
1585 2596 1623 2634 2.
1639 2601 1750 2648 part.
1767 2593 1807 2634 4.
1826 2601 1913 2634 sect.
1936 2593 2001 2633 18.
2022 2593 2089 2634 21.
2109 2593 2264 2635 Diestio

322 2659 367 2697 in
389 2658 495 2710 disp.
514 2671 638 2710 super
655 2656 901 2712 quaestione,
918 2655 984 2695 An
1004 2655 1190 2696 Christus
1204 2668 1280 2709 pro
1293 2653 1487 2695 omnibus
1504 2654 1554 2694 sic
1571 2660 1775 2701 mortuus,
1797 2665 1905 2691 anno
1926 2651 2070 2700 1641.;
2087 2652 2216 2692 etiam
2239 2654 2263 2693 a

320 2730 385 2756 nie
416 2716 461 2755 in
491 2717 638 2768 scripto
654 2715 872 2756 vernaculo
890 2727 998 2753 anno
1020 2713 1144 2752 1628.
1163 2720 1305 2754 contra
1321 2712 1503 2754 libellum
1527 2713 1563 2752 T
1559 2712 1657 2753 ileni
1674 2725 1724 2751 ex
1741 2709 1903 2750 Gallica
1920 2708 1963 2749 in
1980 2709 2171 2764 linguam
2187 2724 2262 2751 no-

324 2776 497 2813 stratem
526 2774 777 2814 traductum.
811 2771 1091 2826 Spanliemius
1121 2771 1232 2811 idem
1250 2771 1415 2812 abunde
1433 2770 1577 2811 docere
1596 2768 1802 2823 potuisset
1819 2767 1983 2822 gratiae
2009 2768 2262 2809 universalis

2118 2826 2263 2868 defen-

369 2924 392 2963 ¹)
418 2922 519 2964 Resp.
537 2897 686 2954 'ANDREA
711 2921 922 2958 Posruuino,
949 2920 1246 2952 Medenbl.-Batav.
1272 2919 1327 2951 Ad
1350 2919 1448 2951 diem
1471 2918 1492 2951 3
1516 2918 1612 2956 Julii,
1637 2917 1743 2949 Anno
1766 2914 1865 2948 1650.
