<?xml version="1.0" encoding="UTF-8"?>
<!DOCTYPE html PUBLIC "-//W3C//DTD XHTML 1.0 Transitional//EN"
    "http://www.w3.org/TR/xhtml1/DTD/xhtml1-transitional.dtd">
<html xmlns="http://www.w3.org/1999/xhtml" xml:lang="en" lang="en">
 <head>
  <title>
</title>
<meta http-equiv="Content-Type" content="text/html;charset=utf-8" />
  <meta name='ocr-system' content='tesseract 3.04.00' />
  <meta name='ocr-capabilities' content='ocr_page ocr_carea ocr_par ocr_line ocrx_word'/>
</head>
<body>
  <div class='ocr_page' id='page_1' title='image "./gysbertivoetiise00voet_0207.png"; bbox 0 0 2399 3084; ppageno 0'>
   <div class='ocr_carea' id='block_1_1' title="bbox 255 153 2066 203">
    <p class='ocr_par' dir='ltr' id='par_1_1' title="bbox 255 153 2066 203">
     <span class='ocr_line' id='line_1_1' title="bbox 255 153 2066 203; baseline 0.003 -7"><span class='ocrx_word' id='word_1_1' title='bbox 255 154 412 199; x_wconf 80' lang='lat' dir='ltr'><strong>D1sP.</strong></span> <span class='ocrx_word' id='word_1_2' title='bbox 444 153 574 198; x_wconf 89' lang='lat' dir='ltr'><strong>VII.</strong></span> <span class='ocrx_word' id='word_1_3' title='bbox 606 153 1047 197; x_wconf 72' lang='lat' dir='ltr'><strong>PnossLEMA‘rUM</strong></span> <span class='ocrx_word' id='word_1_4' title='bbox 1078 170 1140 196; x_wconf 83' lang='lat' dir='ltr'><strong>DE</strong></span> <span class='ocrx_word' id='word_1_5' title='bbox 1171 155 1406 198; x_wconf 73' lang='lat' dir='ltr'><strong>MERI&#39;ro</strong></span> <span class='ocrx_word' id='word_1_6' title='bbox 1439 156 1688 199; x_wconf 68' lang='grc'><strong>00111311</strong></span> <span class='ocrx_word' id='word_1_7' title='bbox 1720 158 1869 200; x_wconf 68' lang='lat' dir='ltr'>PARS</span> <span class='ocrx_word' id='word_1_8' title='bbox 1902 160 1935 202; x_wconf 91' lang='grc' dir='ltr'><strong>Ι.</strong></span> <span class='ocrx_word' id='word_1_9' title='bbox 1986 161 2066 203; x_wconf 86' lang='grc'><strong>179</strong></span> 
     </span>
    </p>
   </div>
   <div class='ocr_carea' id='block_1_2' title="bbox 117 276 2068 2888">
    <p class='ocr_par' dir='ltr' id='par_1_2' title="bbox 117 276 2068 2357">
     <span class='ocr_line' id='line_1_2' title="bbox 128 276 2065 331; baseline 0.002 -11"><span class='ocrx_word' id='word_1_10' title='bbox 128 279 177 320; x_wconf 87' lang='lat' dir='ltr'><strong>de</strong></span> <span class='ocrx_word' id='word_1_11' title='bbox 209 280 342 319; x_wconf 87' lang='lat' dir='ltr'><strong>morte</strong></span> <span class='ocrx_word' id='word_1_12' title='bbox 359 276 528 328; x_wconf 81' lang='lat' dir='ltr'><strong>Christi,</strong></span> <span class='ocrx_word' id='word_1_13' title='bbox 547 276 576 318; x_wconf 81' lang='grc'><strong>81</strong></span> <span class='ocrx_word' id='word_1_14' title='bbox 593 277 733 318; x_wconf 90' lang='lat' dir='ltr'><strong>inutili</strong></span> <span class='ocrx_word' id='word_1_15' title='bbox 758 277 1018 331; x_wconf 89' lang='lat' dir='ltr'><strong>quorundam</strong></span> <span class='ocrx_word' id='word_1_16' title='bbox 1035 279 1161 331; x_wconf 79' lang='lat' dir='ltr'><strong>at‘que</strong></span> <span class='ocrx_word' id='word_1_17' title='bbox 1180 279 1392 328; x_wconf 74' lang='grc' dir='ltr'><em>ἁσυστὰτῳ</em></span> <span class='ocrx_word' id='word_1_18' title='bbox 1412 278 1522 320; x_wconf 88' lang='lat' dir='ltr'><strong>inter</strong></span> <span class='ocrx_word' id='word_1_19' title='bbox 1538 280 1828 322; x_wconf 72' lang='lat' dir='ltr'><strong>orthodoxiam</strong></span> <span class='ocrx_word' id='word_1_20' title='bbox 1846 282 1874 324; x_wconf 82' lang='lat'>&amp;</span> <span class='ocrx_word' id='word_1_21' title='bbox 1891 281 2065 324; x_wconf 90' lang='lat' dir='ltr'><strong>hetero—</strong></span> 
     </span>
     <span class='ocr_line' id='line_1_3' title="bbox 122 335 2067 383; baseline 0.002 -5"><span class='ocrx_word' id='word_1_22' title='bbox 122 336 290 378; x_wconf 85' lang='lat' dir='ltr'><strong>doxiam</strong></span> <span class='ocrx_word' id='word_1_23' title='bbox 321 335 588 383; x_wconf 81' lang='lat' dir='ltr'><strong>mediatione,</strong></span> <span class='ocrx_word' id='word_1_24' title='bbox 619 336 782 377; x_wconf 89' lang='lat' dir='ltr'><strong>abunde</strong></span> <span class='ocrx_word' id='word_1_25' title='bbox 799 337 828 378; x_wconf 86' lang='grc'><strong>81</strong></span> <span class='ocrx_word' id='word_1_26' title='bbox 847 336 1078 377; x_wconf 85' lang='lat' dir='ltr'><strong>eminenter</strong></span> <span class='ocrx_word' id='word_1_27' title='bbox 1095 335 1195 377; x_wconf 89' lang='lat' dir='ltr'><strong>dicti</strong></span> <span class='ocrx_word' id='word_1_28' title='bbox 1218 336 1392 377; x_wconf 85' lang='lat' dir='ltr'><strong>fanatici</strong></span> <span class='ocrx_word' id='word_1_29' title='bbox 1408 338 1581 379; x_wconf 74' lang='lat' dir='ltr'><strong>refutati</strong></span> <span class='ocrx_word' id='word_1_30' title='bbox 1600 354 1688 380; x_wconf 84' lang='lat' dir='ltr'><strong>esse</strong></span> <span class='ocrx_word' id='word_1_31' title='bbox 1706 340 1937 381; x_wconf 87' lang='lat' dir='ltr'><strong>videantur.</strong></span> <span class='ocrx_word' id='word_1_32' title='bbox 1969 341 2067 383; x_wconf 89' lang='lat' dir='ltr'><strong>Non</strong></span> 
     </span>
     <span class='ocr_line' id='line_1_4' title="bbox 121 393 2068 451; baseline 0.003 -16"><span class='ocrx_word' id='word_1_33' title='bbox 121 395 293 436; x_wconf 88' lang='lat' dir='ltr'><strong>memini</strong></span> <span class='ocrx_word' id='word_1_34' title='bbox 310 394 546 435; x_wconf 73' lang='lat' dir='ltr'><strong>istiusmodi</strong></span> <span class='ocrx_word' id='word_1_35' title='bbox 565 394 816 435; x_wconf 88' lang='lat' dir='ltr'><strong>sententiam</strong></span> <span class='ocrx_word' id='word_1_36' title='bbox 835 395 886 435; x_wconf 88' lang='lat' dir='ltr'><strong>ab</strong></span> <span class='ocrx_word' id='word_1_37' title='bbox 906 395 1046 448; x_wconf 87' lang='lat' dir='ltr'><strong>aliquo</strong></span> <span class='ocrx_word' id='word_1_38' title='bbox 1064 393 1168 435; x_wconf 93' lang='lat' dir='ltr'><strong>Viro</strong></span> <span class='ocrx_word' id='word_1_39' title='bbox 1186 394 1318 446; x_wconf 75' lang='lat' dir='ltr'><strong>docto,</strong></span> <span class='ocrx_word' id='word_1_40' title='bbox 1337 396 1409 448; x_wconf 88' lang='lat' dir='ltr'><strong>qui</strong></span> <span class='ocrx_word' id='word_1_41' title='bbox 1421 396 1597 451; x_wconf 85' lang='lat' dir='ltr'><strong>alicujus</strong></span> <span class='ocrx_word' id='word_1_42' title='bbox 1610 398 1789 439; x_wconf 88' lang='lat' dir='ltr'><strong>nominis</strong></span> <span class='ocrx_word' id='word_1_43' title='bbox 1803 398 1944 450; x_wconf 82' lang='lat' dir='ltr'><strong>fuerit,</strong></span> <span class='ocrx_word' id='word_1_44' title='bbox 1959 399 2068 441; x_wconf 90' lang='lat' dir='ltr'><strong>inter</strong></span> 
     </span>
     <span class='ocr_line' id='line_1_5' title="bbox 121 452 2067 512; baseline 0.003 -18"><span class='ocrx_word' id='word_1_45' title='bbox 121 453 380 494; x_wconf 77' lang='lat' dir='ltr'><strong>Christianos</strong></span> <span class='ocrx_word' id='word_1_46' title='bbox 397 455 543 506; x_wconf 88' lang='lat' dir='ltr'><strong>postea</strong></span> <span class='ocrx_word' id='word_1_47' title='bbox 560 452 603 492; x_wconf 92' lang='lat' dir='ltr'><strong>in</strong></span> <span class='ocrx_word' id='word_1_48' title='bbox 621 452 812 494; x_wconf 87' lang='lat' dir='ltr'><strong>terminis</strong></span> <span class='ocrx_word' id='word_1_49' title='bbox 830 455 1037 494; x_wconf 83' lang='lat' dir='ltr'><strong>recoctam</strong></span> <span class='ocrx_word' id='word_1_50' title='bbox 1054 452 1182 493; x_wconf 87' lang='lat' dir='ltr'><strong>fuisse</strong></span> <span class='ocrx_word' id='word_1_51' title='bbox 1197 468 1206 502; x_wconf 83' lang='lat'><strong>;</strong></span> <span class='ocrx_word' id='word_1_52' title='bbox 1224 452 1284 493; x_wconf 90' lang='lat' dir='ltr'><strong>ita</strong></span> <span class='ocrx_word' id='word_1_53' title='bbox 1301 455 1348 493; x_wconf 91' lang='lat' dir='ltr'><strong>ut</strong></span> <span class='ocrx_word' id='word_1_54' title='bbox 1364 453 1495 495; x_wconf 87' lang='lat' dir='ltr'><strong>falsus</strong></span> <span class='ocrx_word' id='word_1_55' title='bbox 1512 457 1629 496; x_wconf 86' lang='lat' dir='ltr'><strong>vates</strong></span> <span class='ocrx_word' id='word_1_56' title='bbox 1648 456 1715 507; x_wconf 77' lang='lat' dir='ltr'><strong>sit,</strong></span> <span class='ocrx_word' id='word_1_57' title='bbox 1731 457 1868 498; x_wconf 89' lang='lat' dir='ltr'><strong>dicens</strong></span> <span class='ocrx_word' id='word_1_58' title='bbox 1883 471 1981 512; x_wconf 84' lang='lat' dir='ltr'><strong>pag.</strong></span> <span class='ocrx_word' id='word_1_59' title='bbox 1997 459 2067 500; x_wconf 81' lang='lat'><strong>94.</strong></span> 
     </span>
     <span class='ocr_line' id='line_1_6' title="bbox 120 509 2068 568; baseline 0.002 -15"><span class='ocrx_word' id='word_1_60' title='bbox 120 512 217 554; x_wconf 80' lang='lat' dir='ltr'><strong>cerci</strong></span> <span class='ocrx_word' id='word_1_61' title='bbox 247 524 394 553; x_wconf 80' lang='lat' dir='ltr'><strong>sumus</strong></span> <span class='ocrx_word' id='word_1_62' title='bbox 426 511 533 552; x_wconf 79' lang='lat' dir='ltr'><strong>hanc</strong></span> <span class='ocrx_word' id='word_1_63' title='bbox 568 509 641 552; x_wconf 67' lang='lat'><strong>860.</strong></span> <span class='ocrx_word' id='word_1_64' title='bbox 679 511 827 566; x_wconf 78' lang='lat' dir='ltr'><strong>ubique</strong></span> <span class='ocrx_word' id='word_1_65' title='bbox 859 511 1129 553; x_wconf 65' lang='lat' dir='ltr'><strong>obtenturam.</strong></span> <span class='ocrx_word' id='word_1_66' title='bbox 1163 510 1279 551; x_wconf 87' lang='lat' dir='ltr'><strong>Inter</strong></span> <span class='ocrx_word' id='word_1_67' title='bbox 1311 512 1530 554; x_wconf 80' lang='lat' dir='ltr'><strong>hodiernos</strong></span> <span class='ocrx_word' id='word_1_68' title='bbox 1550 513 1855 568; x_wconf 84' lang='lat' dir='ltr'><strong>Anabaptistas</strong></span> <span class='ocrx_word' id='word_1_69' title='bbox 1872 515 2068 556; x_wconf 88' lang='lat' dir='ltr'><strong>videntur</strong></span> 
     </span>
     <span class='ocr_line' id='line_1_7' title="bbox 121 568 2065 625; baseline 0.003 -15"><span class='ocrx_word' id='word_1_70' title='bbox 121 568 2065 625; x_wconf 57' lang='lat' dir='ltr'><strong>ahquisnnflisonnnoadhucpaffln(quodexpeflmsloquorOsediHipecnhannnrefima-</strong></span> 
     </span>
     <span class='ocr_line' id='line_1_8' title="bbox 119 627 2065 683; baseline 0.003 -15"><span class='ocrx_word' id='word_1_71' title='bbox 119 628 278 669; x_wconf 85' lang='lat' dir='ltr'><strong>tionem</strong></span> <span class='ocrx_word' id='word_1_72' title='bbox 309 641 391 668; x_wconf 91' lang='lat' dir='ltr'><strong>non</strong></span> <span class='ocrx_word' id='word_1_73' title='bbox 417 629 654 677; x_wconf 72' lang='lat' dir='ltr'><strong>merentur-3</strong></span> <span class='ocrx_word' id='word_1_74' title='bbox 689 627 937 680; x_wconf 89' lang='lat' dir='ltr'><strong>praesertim</strong></span> <span class='ocrx_word' id='word_1_75' title='bbox 970 642 1064 668; x_wconf 91' lang='lat' dir='ltr'><strong>cum</strong></span> <span class='ocrx_word' id='word_1_76' title='bbox 1082 642 1163 667; x_wconf 91' lang='lat' dir='ltr'><strong>non</strong></span> <span class='ocrx_word' id='word_1_77' title='bbox 1187 628 1397 669; x_wconf 90' lang='lat' dir='ltr'><strong>communi</strong></span> <span class='ocrx_word' id='word_1_78' title='bbox 1414 629 1555 682; x_wconf 91' lang='lat' dir='ltr'><strong>aliquo</strong></span> <span class='ocrx_word' id='word_1_79' title='bbox 1573 633 1709 671; x_wconf 88' lang='lat' dir='ltr'><strong>sectae</strong></span> <span class='ocrx_word' id='word_1_80' title='bbox 1727 645 1825 672; x_wconf 86' lang='lat' dir='ltr'><strong>suae</strong></span> <span class='ocrx_word' id='word_1_81' title='bbox 1849 647 2065 683; x_wconf 84' lang='lat' dir='ltr'><strong>consensu,</strong></span> 
     </span>
     <span class='ocr_line' id='line_1_9' title="bbox 121 685 2066 740; baseline 0.003 -13"><span class='ocrx_word' id='word_1_82' title='bbox 121 686 192 727; x_wconf 82' lang='lat' dir='ltr'><strong>sed</strong></span> <span class='ocrx_word' id='word_1_83' title='bbox 223 685 404 727; x_wconf 81' lang='lat' dir='ltr'><strong>volatico</strong></span> <span class='ocrx_word' id='word_1_84' title='bbox 446 685 600 739; x_wconf 85' lang='lat' dir='ltr'><strong>privati</strong></span> <span class='ocrx_word' id='word_1_85' title='bbox 631 685 830 739; x_wconf 86' lang='lat' dir='ltr'><strong>cujusque</strong></span> <span class='ocrx_word' id='word_1_86' title='bbox 856 685 1011 726; x_wconf 86' lang='lat' dir='ltr'><strong>idiotae</strong></span> <span class='ocrx_word' id='word_1_87' title='bbox 1038 685 1229 736; x_wconf 82' lang='lat' dir='ltr'><strong>arbitrio,</strong></span> <span class='ocrx_word' id='word_1_88' title='bbox 1258 686 1362 727; x_wconf 87' lang='lat' dir='ltr'><strong>talia</strong></span> <span class='ocrx_word' id='word_1_89' title='bbox 1384 687 1627 740; x_wconf 86' lang='lat' dir='ltr'><strong>opinionum</strong></span> <span class='ocrx_word' id='word_1_90' title='bbox 1644 689 1674 729; x_wconf 90' lang='grc'><strong>81</strong></span> <span class='ocrx_word' id='word_1_91' title='bbox 1691 690 2066 732; x_wconf 70' lang='lat' dir='ltr'><strong>contradictionum</strong></span> 
     </span>
     <span class='ocr_line' id='line_1_10' title="bbox 120 743 2065 802; baseline 0.003 -18"><span class='ocrx_word' id='word_1_92' title='bbox 120 746 306 784; x_wconf 87' lang='lat' dir='ltr'><strong>monstra</strong></span> <span class='ocrx_word' id='word_1_93' title='bbox 334 758 408 797; x_wconf 90' lang='lat' dir='ltr'><strong>pro</strong></span> <span class='ocrx_word' id='word_1_94' title='bbox 425 758 469 784; x_wconf 90' lang='lat' dir='ltr'><strong>re</strong></span> <span class='ocrx_word' id='word_1_95' title='bbox 491 746 591 784; x_wconf 75' lang='lat' dir='ltr'><strong>nata</strong></span> <span class='ocrx_word' id='word_1_96' title='bbox 607 743 782 784; x_wconf 77' lang='lat' dir='ltr'><strong>subinde</strong></span> <span class='ocrx_word' id='word_1_97' title='bbox 801 743 1060 785; x_wconf 85' lang='lat' dir='ltr'><strong>effutiantur.</strong></span> <span class='ocrx_word' id='word_1_98' title='bbox 1098 743 1310 786; x_wconf 76' lang='lat' dir='ltr'><strong>Cornelius</strong></span> <span class='ocrx_word' id='word_1_99' title='bbox 1346 744 1557 800; x_wconf 71' lang='lat' dir='ltr'><strong>Wiyqeras</strong></span> <span class='ocrx_word' id='word_1_100' title='bbox 1574 747 1840 788; x_wconf 72' lang='lat' dir='ltr'><strong>concionator</strong></span> <span class='ocrx_word' id='word_1_101' title='bbox 1857 749 2065 802; x_wconf 88' lang='lat' dir='ltr'><strong>quondam</strong></span> 
     </span>
     <span class='ocr_line' id='line_1_11' title="bbox 120 801 2068 858; baseline 0.004 -16"><span class='ocrx_word' id='word_1_102' title='bbox 120 801 346 843; x_wconf 86' lang='lat' dir='ltr'><strong>Hornanus</strong></span> <span class='ocrx_word' id='word_1_103' title='bbox 379 801 515 842; x_wconf 90' lang='lat' dir='ltr'><strong>simile</strong></span> <span class='ocrx_word' id='word_1_104' title='bbox 553 801 653 854; x_wconf 88' lang='lat' dir='ltr'><strong>quid</strong></span> <span class='ocrx_word' id='word_1_105' title='bbox 685 801 865 842; x_wconf 88' lang='lat' dir='ltr'><strong>voluisse</strong></span> <span class='ocrx_word' id='word_1_106' title='bbox 897 802 1063 843; x_wconf 84' lang='lat' dir='ltr'><strong>videtur</strong></span> <span class='ocrx_word' id='word_1_107' title='bbox 1095 801 1221 856; x_wconf 81' lang='lat' dir='ltr'><strong>(Vide</strong></span> <span class='ocrx_word' id='word_1_108' title='bbox 1253 803 1381 845; x_wconf 76' lang='lat' dir='ltr'><strong>collat.</strong></span> <span class='ocrx_word' id='word_1_109' title='bbox 1403 805 1650 858; x_wconf 72' lang='lat' dir='ltr'><strong>Hayicnsem</strong></span> <span class='ocrx_word' id='word_1_110' title='bbox 1668 806 1781 847; x_wconf 77' lang='lat' dir='ltr'><strong>artic.</strong></span> <span class='ocrx_word' id='word_1_111' title='bbox 1801 807 1840 848; x_wconf 81' lang='grc'><strong>2.</strong></span> <span class='ocrx_word' id='word_1_112' title='bbox 1861 808 1890 849; x_wconf 86' lang='grc'><strong>81</strong></span> <span class='ocrx_word' id='word_1_113' title='bbox 1912 807 2068 849; x_wconf 79' lang='lat' dir='ltr'><strong>Amesii</strong></span> 
     </span>
     <span class='ocr_line' id='line_1_12' title="bbox 119 859 2066 913; baseline 0.003 -12"><span class='ocrx_word' id='word_1_114' title='bbox 119 860 353 902; x_wconf 79' lang='lat' dir='ltr'><strong>coronidem</strong></span> <span class='ocrx_word' id='word_1_115' title='bbox 370 859 509 913; x_wconf 72' lang='lat' dir='ltr'><strong>ibid.):</strong></span> <span class='ocrx_word' id='word_1_116' title='bbox 528 859 599 900; x_wconf 90' lang='lat' dir='ltr'><strong>sed</strong></span> <span class='ocrx_word' id='word_1_117' title='bbox 617 859 652 900; x_wconf 90' lang='lat' dir='ltr'><strong>is</strong></span> <span class='ocrx_word' id='word_1_118' title='bbox 674 874 726 900; x_wconf 91' lang='lat' dir='ltr'><strong>ne</strong></span> <span class='ocrx_word' id='word_1_119' title='bbox 748 859 931 901; x_wconf 88' lang='lat' dir='ltr'><strong>modicae</strong></span> <span class='ocrx_word' id='word_1_120' title='bbox 950 860 1118 913; x_wconf 88' lang='lat' dir='ltr'><strong>quidem</strong></span> <span class='ocrx_word' id='word_1_121' title='bbox 1135 860 1380 902; x_wconf 88' lang='lat' dir='ltr'><strong>eruditionis</strong></span> <span class='ocrx_word' id='word_1_122' title='bbox 1398 861 1494 913; x_wconf 79' lang='lat' dir='ltr'><strong>fuit,</strong></span> <span class='ocrx_word' id='word_1_123' title='bbox 1514 862 1543 904; x_wconf 83' lang='lat'>&amp;</span> <span class='ocrx_word' id='word_1_124' title='bbox 1561 862 1854 905; x_wconf 74' lang='lat' dir='ltr'><strong>Ecclesiastice</strong></span> <span class='ocrx_word' id='word_1_125' title='bbox 1872 866 2066 907; x_wconf 90' lang='lat' dir='ltr'><strong>condem-</strong></span> 
     </span>
     <span class='ocr_line' id='line_1_13' title="bbox 119 917 2066 978; baseline 0.003 -19"><span class='ocrx_word' id='word_1_126' title='bbox 119 921 243 959; x_wconf 86' lang='lat' dir='ltr'><strong>natus</strong></span> <span class='ocrx_word' id='word_1_127' title='bbox 277 918 366 958; x_wconf 84' lang='lat' dir='ltr'><strong>sine</strong></span> <span class='ocrx_word' id='word_1_128' title='bbox 398 917 672 959; x_wconf 79' lang='lat' dir='ltr'><strong>sectatoribus</strong></span> <span class='ocrx_word' id='word_1_129' title='bbox 706 917 933 971; x_wconf 80' lang='lat' dir='ltr'><strong>disparuit.&#39;</strong></span> <span class='ocrx_word' id='word_1_130' title='bbox 957 917 1303 959; x_wconf 82' lang='lat' dir='ltr'><strong>Renionstrantes</strong></span> <span class='ocrx_word' id='word_1_131' title='bbox 1335 919 1379 959; x_wconf 92' lang='lat' dir='ltr'><strong>in</strong></span> <span class='ocrx_word' id='word_1_132' title='bbox 1411 919 1574 961; x_wconf 87' lang='lat' dir='ltr'><strong>fervore</strong></span> <span class='ocrx_word' id='word_1_133' title='bbox 1609 921 1904 975; x_wconf 85' lang='lat' dir='ltr'><strong>disputationis</strong></span> <span class='ocrx_word' id='word_1_134' title='bbox 1940 926 2066 978; x_wconf 75' lang='lat' dir='ltr'><strong>quam</strong></span> 
     </span>
     <span class='ocr_line' id='line_1_14' title="bbox 120 975 2066 1034; baseline 0.003 -17"><span class='ocrx_word' id='word_1_135' title='bbox 120 977 355 1030; x_wconf 74' lang='lat' dir='ltr'><strong>propinque</strong></span> <span class='ocrx_word' id='word_1_136' title='bbox 388 976 440 1016; x_wconf 90' lang='lat' dir='ltr'><strong>ad</strong></span> <span class='ocrx_word' id='word_1_137' title='bbox 461 975 569 1016; x_wconf 86' lang='lat' dir='ltr'><strong>hanc</strong></span> <span class='ocrx_word' id='word_1_138' title='bbox 587 976 841 1017; x_wconf 88' lang='lat' dir='ltr'><strong>sententiam</strong></span> <span class='ocrx_word' id='word_1_139' title='bbox 859 976 1034 1017; x_wconf 86' lang='lat' dir='ltr'><strong>subinde</strong></span> <span class='ocrx_word' id='word_1_140' title='bbox 1057 977 1266 1024; x_wconf 82' lang='lat' dir='ltr'><strong>accedant,</strong></span> <span class='ocrx_word' id='word_1_141' title='bbox 1281 977 1440 1030; x_wconf 85' lang='lat' dir='ltr'><strong>judicet</strong></span> <span class='ocrx_word' id='word_1_142' title='bbox 1457 977 1604 1020; x_wconf 86' lang='lat' dir='ltr'><strong>Lector</strong></span> <span class='ocrx_word' id='word_1_143' title='bbox 1624 994 1673 1020; x_wconf 79' lang='lat' dir='ltr'><strong>ex</strong></span> <span class='ocrx_word' id='word_1_144' title='bbox 1692 980 1903 1034; x_wconf 73' lang='lat' dir='ltr'><strong>Responso</strong></span> <span class='ocrx_word' id='word_1_145' title='bbox 1921 995 2066 1025; x_wconf 78' lang='lat' dir='ltr'><strong>eorum</strong></span> 
     </span>
     <span class='ocr_line' id='line_1_15' title="bbox 119 1034 2064 1096; baseline 0.003 -20"><span class='ocrx_word' id='word_1_146' title='bbox 119 1035 174 1076; x_wconf 74' lang='lat' dir='ltr'><strong>ad</strong></span> <span class='ocrx_word' id='word_1_147' title='bbox 204 1042 391 1088; x_wconf 71' lang='lat' dir='ltr'><strong>excerpta</strong></span> <span class='ocrx_word' id='word_1_148' title='bbox 425 1034 606 1075; x_wconf 75' lang='lat' dir='ltr'><strong>Leidens.</strong></span> <span class='ocrx_word' id='word_1_149' title='bbox 635 1047 732 1089; x_wconf 68' lang='lat' dir='ltr'><strong>pay.</strong></span> <span class='ocrx_word' id='word_1_150' title='bbox 769 1035 864 1076; x_wconf 89' lang='grc'><strong>107.</strong></span> <span class='ocrx_word' id='word_1_151' title='bbox 881 1050 931 1076; x_wconf 81' lang='lat' dir='ltr'><strong>ex</strong></span> <span class='ocrx_word' id='word_1_152' title='bbox 950 1035 1062 1077; x_wconf 76' lang='lat' dir='ltr'><strong>Actis</strong></span> <span class='ocrx_word' id='word_1_153' title='bbox 1081 1034 1240 1089; x_wconf 74' lang='lat' dir='ltr'><strong>Synodi</strong></span> <span class='ocrx_word' id='word_1_154' title='bbox 1260 1036 1493 1078; x_wconf 74' lang='lat' dir='ltr'><strong>Nationalz&#39;s</strong></span> <span class='ocrx_word' id='word_1_155' title='bbox 1510 1038 1794 1089; x_wconf 71' lang='lat' dir='ltr'><strong>Dordmcena,</strong></span> <span class='ocrx_word' id='word_1_156' title='bbox 1815 1040 1934 1096; x_wconf 89' lang='lat' dir='ltr'><strong>[pag.</strong></span> <span class='ocrx_word' id='word_1_157' title='bbox 1954 1040 2064 1096; x_wconf 84' lang='lat'><strong>236]</strong></span> 
     </span>
     <span class='ocr_line' id='line_1_16' title="bbox 117 1092 2065 1150; baseline 0.003 -16"><span class='ocrx_word' id='word_1_158' title='bbox 117 1092 2065 1150; x_wconf 41' lang='lat' dir='ltr'><strong>pay.198.199.280.285.286.edst.n1fissukmanncCbmnnocap.26.8.9.13.3528.</strong></span> 
     </span>
     <span class='ocr_line' id='line_1_17' title="bbox 120 1151 2066 1210; baseline 0.003 -18"><span class='ocrx_word' id='word_1_159' title='bbox 120 1153 156 1206; x_wconf 57' lang='grc' dir='ltr'><strong>ξ.</strong></span> <span class='ocrx_word' id='word_1_160' title='bbox 191 1152 230 1193; x_wconf 87' lang='grc'><strong>9.</strong></span> <span class='ocrx_word' id='word_1_161' title='bbox 266 1151 335 1191; x_wconf 82' lang='grc'><strong>36.</strong></span> <span class='ocrx_word' id='word_1_162' title='bbox 363 1166 414 1192; x_wconf 85' lang='lat' dir='ltr'><strong>ex</strong></span> <span class='ocrx_word' id='word_1_163' title='bbox 430 1151 618 1193; x_wconf 74' lang='lat' dir='ltr'><strong>Arminio</strong></span> <span class='ocrx_word' id='word_1_164' title='bbox 636 1152 691 1193; x_wconf 77' lang='lat' dir='ltr'><strong>acl</strong></span> <span class='ocrx_word' id='word_1_165' title='bbox 707 1152 821 1193; x_wconf 73' lang='lat' dir='ltr'><strong>artic.</strong></span> <span class='ocrx_word' id='word_1_166' title='bbox 842 1152 909 1192; x_wconf 79' lang='lat'><strong>31.</strong></span> <span class='ocrx_word' id='word_1_167' title='bbox 929 1159 1007 1193; x_wconf 72' lang='lat' dir='ltr'><strong>art.</strong></span> <span class='ocrx_word' id='word_1_168' title='bbox 1037 1152 1102 1191; x_wconf 79' lang='lat'><strong>13.</strong></span> <span class='ocrx_word' id='word_1_169' title='bbox 1129 1151 1196 1192; x_wconf 82' lang='lat'><strong>14.</strong></span> <span class='ocrx_word' id='word_1_170' title='bbox 1230 1151 1453 1206; x_wconf 87' lang='lat' dir='ltr'><strong>Appendix</strong></span> <span class='ocrx_word' id='word_1_171' title='bbox 1472 1156 1545 1194; x_wconf 88' lang='lat' dir='ltr'><strong>aut</strong></span> <span class='ocrx_word' id='word_1_172' title='bbox 1562 1154 1747 1203; x_wconf 72' lang='grc' dir='ltr'><strong>ἑπόμενον</strong></span> <span class='ocrx_word' id='word_1_173' title='bbox 1762 1156 1886 1210; x_wconf 87' lang='lat' dir='ltr'><strong>hujus</strong></span> <span class='ocrx_word' id='word_1_174' title='bbox 1904 1160 2066 1198; x_wconf 89' lang='lat' dir='ltr'><strong>contro-</strong></span> 
     </span>
     <span class='ocr_line' id='line_1_18' title="bbox 120 1209 2067 1269; baseline 0.004 -19"><span class='ocrx_word' id='word_1_175' title='bbox 120 1210 280 1251; x_wconf 86' lang='lat' dir='ltr'><strong>versiae</strong></span> <span class='ocrx_word' id='word_1_176' title='bbox 312 1212 390 1260; x_wconf 80' lang='lat' dir='ltr'><strong>est,</strong></span> <span class='ocrx_word' id='word_1_177' title='bbox 424 1209 534 1263; x_wconf 88' lang='lat' dir='ltr'><strong>quod</strong></span> <span class='ocrx_word' id='word_1_178' title='bbox 566 1212 735 1250; x_wconf 85' lang='lat' dir='ltr'><strong>movent</strong></span> <span class='ocrx_word' id='word_1_179' title='bbox 766 1209 957 1251; x_wconf 87' lang='lat' dir='ltr'><strong>nonnulli</strong></span> <span class='ocrx_word' id='word_1_180' title='bbox 984 1209 1032 1250; x_wconf 91' lang='lat' dir='ltr'><strong>de</strong></span> <span class='ocrx_word' id='word_1_181' title='bbox 1049 1209 1317 1264; x_wconf 87' lang='lat' dir='ltr'><strong>mitigatione</strong></span> <span class='ocrx_word' id='word_1_182' title='bbox 1334 1225 1563 1264; x_wconf 84' lang='lat' dir='ltr'><strong>poenarum</strong></span> <span class='ocrx_word' id='word_1_183' title='bbox 1580 1212 1623 1252; x_wconf 90' lang='lat' dir='ltr'><strong>in</strong></span> <span class='ocrx_word' id='word_1_184' title='bbox 1644 1212 1821 1255; x_wconf 85' lang='lat' dir='ltr'><strong>inferno.</strong></span> <span class='ocrx_word' id='word_1_185' title='bbox 1855 1214 1959 1256; x_wconf 89' lang='lat' dir='ltr'><strong>Cum</strong></span> <span class='ocrx_word' id='word_1_186' title='bbox 1984 1218 2067 1269; x_wconf 72' lang='lat' dir='ltr'><strong>qua</strong></span> 
     </span>
     <span class='ocr_line' id='line_1_19' title="bbox 121 1267 2067 1327; baseline 0.004 -19"><span class='ocrx_word' id='word_1_187' title='bbox 121 1267 299 1309; x_wconf 87' lang='lat' dir='ltr'><strong>conferri</strong></span> <span class='ocrx_word' id='word_1_188' title='bbox 317 1270 455 1321; x_wconf 84' lang='lat' dir='ltr'><strong>potest</strong></span> <span class='ocrx_word' id='word_1_189' title='bbox 472 1267 611 1321; x_wconf 88' lang='lat' dir='ltr'><strong>opinio</strong></span> <span class='ocrx_word' id='word_1_190' title='bbox 629 1267 678 1309; x_wconf 90' lang='lat' dir='ltr'><strong>de</strong></span> <span class='ocrx_word' id='word_1_191' title='bbox 697 1267 949 1309; x_wconf 75' lang='lat' dir='ltr'><strong>sufficientia</strong></span> <span class='ocrx_word' id='word_1_192' title='bbox 966 1268 1112 1309; x_wconf 89' lang='lat' dir='ltr'><strong>mortis</strong></span> <span class='ocrx_word' id='word_1_193' title='bbox 1130 1267 1289 1309; x_wconf 82' lang='lat' dir='ltr'><strong>Christi</strong></span> <span class='ocrx_word' id='word_1_194' title='bbox 1302 1283 1376 1322; x_wconf 87' lang='lat' dir='ltr'><strong>pro</strong></span> <span class='ocrx_word' id='word_1_195' title='bbox 1390 1269 1580 1321; x_wconf 80' lang='lat' dir='ltr'><strong>diabolis,</strong></span> <span class='ocrx_word' id='word_1_196' title='bbox 1595 1271 1643 1311; x_wconf 92' lang='lat' dir='ltr'><strong>de</strong></span> <span class='ocrx_word' id='word_1_197' title='bbox 1658 1274 1740 1324; x_wconf 78' lang='lat' dir='ltr'><strong>qua</strong></span> <span class='ocrx_word' id='word_1_198' title='bbox 1754 1272 1864 1314; x_wconf 90' lang='lat' dir='ltr'><strong>thesi</strong></span> <span class='ocrx_word' id='word_1_199' title='bbox 1877 1274 2067 1327; x_wconf 70' lang='lat' dir='ltr'><strong>proxime</strong></span> 
     </span>
     <span class='ocr_line' id='line_1_20' title="bbox 121 1325 2067 1385; baseline 0.003 -18"><span class='ocrx_word' id='word_1_200' title='bbox 121 1326 312 1380; x_wconf 85' lang='lat' dir='ltr'><strong>sequenti</strong></span> <span class='ocrx_word' id='word_1_201' title='bbox 326 1340 334 1366; x_wconf 92' lang='lat'>:</span> <span class='ocrx_word' id='word_1_202' title='bbox 351 1328 397 1366; x_wconf 92' lang='lat' dir='ltr'><strong>ut</strong></span> <span class='ocrx_word' id='word_1_203' title='bbox 411 1326 440 1367; x_wconf 98' lang='grc'><strong>81</strong></span> <span class='ocrx_word' id='word_1_204' title='bbox 452 1325 768 1367; x_wconf 88' lang='lat' dir='ltr'><strong>Pontificiorum</strong></span> <span class='ocrx_word' id='word_1_205' title='bbox 782 1330 975 1374; x_wconf 63' lang='grc' dir='ltr'><em>περιεργία</em></span> <span class='ocrx_word' id='word_1_206' title='bbox 988 1325 1031 1366; x_wconf 89' lang='grc'><strong>111</strong></span> <span class='ocrx_word' id='word_1_207' title='bbox 1049 1326 1212 1367; x_wconf 86' lang='lat' dir='ltr'><strong>Missali</strong></span> <span class='ocrx_word' id='word_1_208' title='bbox 1229 1327 1427 1380; x_wconf 88' lang='lat' dir='ltr'><strong>antiquae</strong></span> <span class='ocrx_word' id='word_1_209' title='bbox 1440 1328 1538 1369; x_wconf 87' lang='lat' dir='ltr'><strong>edit.</strong></span> <span class='ocrx_word' id='word_1_210' title='bbox 1553 1331 1650 1370; x_wconf 90' lang='lat' dir='ltr'><strong>ante</strong></span> <span class='ocrx_word' id='word_1_211' title='bbox 1663 1331 1960 1372; x_wconf 83' lang='lat' dir='ltr'><strong>correctionem</strong></span> <span class='ocrx_word' id='word_1_212' title='bbox 1973 1335 2067 1385; x_wconf 92' lang='lat' dir='ltr'><strong>post</strong></span> 
     </span>
     <span class='ocr_line' id='line_1_21' title="bbox 121 1383 2065 1444; baseline 0.004 -19"><span class='ocrx_word' id='word_1_213' title='bbox 121 1383 548 1426; x_wconf 61' lang='lat' dir='ltr'><strong>Cmmfl.Tflfflmffim</strong></span> <span class='ocrx_word' id='word_1_214' title='bbox 584 1384 2065 1444; x_wconf 45' lang='lat' dir='ltr'><strong>mninrmffiapmmmfflsmfimaffiffistamssmonmnlstfflpkmwz</strong></span> 
     </span>
     <span class='ocr_line' id='line_1_22' title="bbox 120 1442 2066 1503; baseline 0.003 -19"><span class='ocrx_word' id='word_1_215' title='bbox 120 1442 2066 1503; x_wconf 50' lang='lat' dir='ltr'><strong>vfflnanzanhnaipnusobstnfflerunzpostwsssahmnimlnnffl·nmalmonfflna,quaefinwnan</strong></span> 
     </span>
     <span class='ocr_line' id='line_1_23' title="bbox 118 1500 2063 1555; baseline 0.004 -13"><span class='ocrx_word' id='word_1_216' title='bbox 118 1502 292 1555; x_wconf 65' lang='lat' dir='ltr'><strong>patitur,</strong></span> <span class='ocrx_word' id='word_1_217' title='bbox 332 1500 599 1555; x_wconf 73' lang='lat' dir='ltr'><strong>refriyerimn</strong></span> <span class='ocrx_word' id='word_1_218' title='bbox 632 1501 680 1542; x_wconf 85' lang='lat' dir='ltr'><strong>de</strong></span> <span class='ocrx_word' id='word_1_219' title='bbox 712 1501 974 1542; x_wconf 69' lang='lat' dir='ltr'><strong>abmzclanlict</strong></span> <span class='ocrx_word' id='word_1_220' title='bbox 994 1501 1311 1543; x_wconf 72' lang='lat' dir='ltr'><strong>miserationum</strong></span> <span class='ocrx_word' id='word_1_221' title='bbox 1328 1509 1499 1544; x_wconf 72' lang='lat' dir='ltr'><strong>tuarum</strong></span> <span class='ocrx_word' id='word_1_222' title='bbox 1516 1505 1674 1546; x_wconf 74' lang='lat' dir='ltr'><strong>sentiat.</strong></span> <span class='ocrx_word' id='word_1_223' title='bbox 1693 1504 1761 1546; x_wconf 82' lang='lat' dir='ltr'><strong>Sic</strong></span> <span class='ocrx_word' id='word_1_224' title='bbox 1777 1505 1948 1548; x_wconf 87' lang='lat' dir='ltr'><strong>Missale</strong></span> <span class='ocrx_word' id='word_1_225' title='bbox 1966 1507 2063 1549; x_wconf 86' lang='lat' dir='ltr'><strong>edit.</strong></span> 
     </span>
     <span class='ocr_line' id='line_1_24' title="bbox 119 1558 2063 1620; baseline 0.004 -20"><span class='ocrx_word' id='word_1_226' title='bbox 119 1559 368 1601; x_wconf 87' lang='lat' dir='ltr'><strong>Parisiensis</strong></span> <span class='ocrx_word' id='word_1_227' title='bbox 400 1573 509 1600; x_wconf 91' lang='lat' dir='ltr'><strong>anno</strong></span> <span class='ocrx_word' id='word_1_228' title='bbox 543 1559 668 1600; x_wconf 81' lang='lat'>1506.</span> <span class='ocrx_word' id='word_1_229' title='bbox 703 1559 746 1600; x_wconf 90' lang='lat' dir='ltr'><strong>in</strong></span> <span class='ocrx_word' id='word_1_230' title='bbox 770 1560 808 1599; x_wconf 82' lang='lat'><strong>8.</strong></span> <span class='ocrx_word' id='word_1_231' title='bbox 827 1558 900 1600; x_wconf 88' lang='lat' dir='ltr'><strong>fol.</strong></span> <span class='ocrx_word' id='word_1_232' title='bbox 918 1560 1015 1600; x_wconf 81' lang='lat'>217.</span> <span class='ocrx_word' id='word_1_233' title='bbox 1049 1559 1210 1600; x_wconf 89' lang='lat' dir='ltr'><strong>Poterit</strong></span> <span class='ocrx_word' id='word_1_234' title='bbox 1227 1560 1357 1601; x_wconf 90' lang='lat' dir='ltr'><strong>etiam</strong></span> <span class='ocrx_word' id='word_1_235' title='bbox 1373 1561 1553 1602; x_wconf 86' lang='lat' dir='ltr'><strong>conferri</strong></span> <span class='ocrx_word' id='word_1_236' title='bbox 1571 1564 1778 1605; x_wconf 89' lang='lat' dir='ltr'><strong>sententia</strong></span> <span class='ocrx_word' id='word_1_237' title='bbox 1801 1563 1996 1620; x_wconf 87' lang='lat' dir='ltr'><strong>Origenis</strong></span> <span class='ocrx_word' id='word_1_238' title='bbox 2015 1566 2063 1607; x_wconf 88' lang='lat' dir='ltr'><strong>de</strong></span> 
     </span>
     <span class='ocr_line' id='line_1_25' title="bbox 120 1618 2062 1673; baseline 0.004 -14"><span class='ocrx_word' id='word_1_239' title='bbox 120 1618 254 1659; x_wconf 88' lang='lat' dir='ltr'><strong>salute</strong></span> <span class='ocrx_word' id='word_1_240' title='bbox 291 1618 595 1668; x_wconf 79' lang='lat' dir='ltr'><strong>damnatorum,</strong></span> <span class='ocrx_word' id='word_1_241' title='bbox 615 1618 644 1659; x_wconf 88' lang='grc'><strong>81</strong></span> <span class='ocrx_word' id='word_1_242' title='bbox 666 1618 914 1658; x_wconf 86' lang='lat' dir='ltr'><strong>daemonum</strong></span> <span class='ocrx_word' id='word_1_243' title='bbox 932 1620 1026 1671; x_wconf 88' lang='lat' dir='ltr'><strong>post</strong></span> <span class='ocrx_word' id='word_1_244' title='bbox 1048 1618 1157 1658; x_wconf 87' lang='lat' dir='ltr'><strong>diem</strong></span> <span class='ocrx_word' id='word_1_245' title='bbox 1169 1618 1316 1671; x_wconf 83' lang='lat' dir='ltr'><strong>judicii</strong></span> <span class='ocrx_word' id='word_1_246' title='bbox 1334 1620 1363 1661; x_wconf 68' lang='lat'><strong>&amp;⁷</strong></span> <span class='ocrx_word' id='word_1_247' title='bbox 1380 1620 1702 1673; x_wconf 82' lang='lat' dir='ltr'><strong>praedicandum</strong></span> <span class='ocrx_word' id='word_1_248' title='bbox 1720 1622 1763 1662; x_wconf 92' lang='lat' dir='ltr'><strong>in</strong></span> <span class='ocrx_word' id='word_1_249' title='bbox 1782 1624 1907 1665; x_wconf 89' lang='lat' dir='ltr'><strong>coelis</strong></span> <span class='ocrx_word' id='word_1_250' title='bbox 1927 1627 2062 1665; x_wconf 89' lang='lat' dir='ltr'><strong>aeter-</strong></span> 
     </span>
     <span class='ocr_line' id='line_1_26' title="bbox 120 1674 2065 1736; baseline 0.004 -20"><span class='ocrx_word' id='word_1_251' title='bbox 120 1690 222 1717; x_wconf 88' lang='lat' dir='ltr'><strong>num</strong></span> <span class='ocrx_word' id='word_1_252' title='bbox 252 1675 544 1729; x_wconf 87' lang='lat' dir='ltr'><strong>Evangelium.</strong></span> <span class='ocrx_word' id='word_1_253' title='bbox 581 1674 688 1717; x_wconf 88' lang='lat' dir='ltr'><strong>Vide</strong></span> <span class='ocrx_word' id='word_1_254' title='bbox 724 1677 942 1730; x_wconf 67' lang='lat' dir='ltr'><strong>Oriyenetn</strong></span> <span class='ocrx_word' id='word_1_255' title='bbox 974 1677 1020 1717; x_wconf 79' lang='lat' dir='ltr'><strong>in</strong></span> <span class='ocrx_word' id='word_1_256' title='bbox 1051 1677 1227 1718; x_wconf 78' lang='lat' dir='ltr'><strong>Roman.</strong></span> <span class='ocrx_word' id='word_1_257' title='bbox 1263 1677 1299 1718; x_wconf 91' lang='grc'><strong>1.</strong></span> <span class='ocrx_word' id='word_1_258' title='bbox 1323 1678 1352 1720; x_wconf 86' lang='grc'><strong>81</strong></span> <span class='ocrx_word' id='word_1_259' title='bbox 1371 1678 1678 1734; x_wconf 73' lang='lat' dir='ltr'><strong>Hieronymum</strong></span> <span class='ocrx_word' id='word_1_260' title='bbox 1700 1688 1794 1722; x_wconf 73' lang='lat' dir='ltr'><strong>lom.</strong></span> <span class='ocrx_word' id='word_1_261' title='bbox 1815 1682 1853 1723; x_wconf 80' lang='lat'><strong>2.</strong></span> <span class='ocrx_word' id='word_1_262' title='bbox 1872 1682 1988 1736; x_wconf 72' lang='lat' dir='ltr'><strong>episc.</strong></span> <span class='ocrx_word' id='word_1_263' title='bbox 2008 1684 2065 1725; x_wconf 82' lang='lat' dir='ltr'><strong>ad</strong></span> 
     </span>
     <span class='ocr_line' id='line_1_27' title="bbox 120 1731 2063 1791; baseline 0.003 -15"><span class='ocrx_word' id='word_1_264' title='bbox 120 1734 289 1776; x_wconf 64' lang='lat' dir='ltr'><strong>Avitum</strong></span> <span class='ocrx_word' id='word_1_265' title='bbox 320 1747 371 1774; x_wconf 82' lang='lat' dir='ltr'><strong>ex</strong></span> <span class='ocrx_word' id='word_1_266' title='bbox 402 1731 575 1787; x_wconf 81' lang='lat' dir='ltr'><strong>Origine</strong></span> <span class='ocrx_word' id='word_1_267' title='bbox 591 1733 675 1781; x_wconf 77' lang='grc' dir='ltr'><strong>περὶ</strong></span> <span class='ocrx_word' id='word_1_268' title='bbox 690 1732 832 1784; x_wconf 75' lang='grc' dir='ltr'><strong>ἀρχῶν.</strong></span> <span class='ocrx_word' id='word_1_269' title='bbox 854 1733 920 1774; x_wconf 87' lang='lat' dir='ltr'><strong>Ab</strong></span> <span class='ocrx_word' id='word_1_270' title='bbox 940 1734 1018 1775; x_wconf 89' lang='lat' dir='ltr'><strong>hoc</strong></span> <span class='ocrx_word' id='word_1_271' title='bbox 1035 1734 1153 1775; x_wconf 76' lang='lat' dir='ltr'><strong>foedo</strong></span> <span class='ocrx_word' id='word_1_272' title='bbox 1173 1749 1310 1776; x_wconf 87' lang='lat' dir='ltr'><strong>errore</strong></span> <span class='ocrx_word' id='word_1_273' title='bbox 1328 1737 1503 1790; x_wconf 82' lang='lat' dir='ltr'><strong>purgari</strong></span> <span class='ocrx_word' id='word_1_274' title='bbox 1519 1751 1601 1778; x_wconf 92' lang='grc'><strong>11011</strong></span> <span class='ocrx_word' id='word_1_275' title='bbox 1618 1741 1779 1791; x_wconf 83' lang='lat' dir='ltr'><strong>potest:</strong></span> <span class='ocrx_word' id='word_1_276' title='bbox 1803 1740 1884 1781; x_wconf 89' lang='lat' dir='ltr'><strong>nisi</strong></span> <span class='ocrx_word' id='word_1_277' title='bbox 1901 1741 2063 1782; x_wconf 89' lang='lat' dir='ltr'><strong>dicatur</strong></span> 
     </span>
     <span class='ocr_line' id='line_1_28' title="bbox 121 1790 2061 1852; baseline 0.004 -19"><span class='ocrx_word' id='word_1_278' title='bbox 121 1792 277 1845; x_wconf 87' lang='lat' dir='ltr'><strong>scripta</strong></span> <span class='ocrx_word' id='word_1_279' title='bbox 307 1791 395 1845; x_wconf 87' lang='lat' dir='ltr'><strong>ejus</strong></span> <span class='ocrx_word' id='word_1_280' title='bbox 427 1791 480 1831; x_wconf 89' lang='lat' dir='ltr'><strong>ab</strong></span> <span class='ocrx_word' id='word_1_281' title='bbox 517 1790 738 1832; x_wconf 86' lang='lat' dir='ltr'><strong>haereticis</strong></span> <span class='ocrx_word' id='word_1_282' title='bbox 770 1794 965 1845; x_wconf 89' lang='lat' dir='ltr'><strong>corrupta</strong></span> <span class='ocrx_word' id='word_1_283' title='bbox 981 1792 1123 1833; x_wconf 87' lang='lat' dir='ltr'><strong>fuisse.</strong></span> <span class='ocrx_word' id='word_1_284' title='bbox 1157 1792 1207 1833; x_wconf 91' lang='lat' dir='ltr'><strong>In</strong></span> <span class='ocrx_word' id='word_1_285' title='bbox 1224 1793 1335 1834; x_wconf 89' lang='lat' dir='ltr'><strong>idem</strong></span> <span class='ocrx_word' id='word_1_286' title='bbox 1353 1794 1430 1834; x_wconf 87' lang='lat' dir='ltr'><strong>hoc</strong></span> <span class='ocrx_word' id='word_1_287' title='bbox 1449 1796 1662 1836; x_wconf 88' lang='lat' dir='ltr'><strong>stabulum</strong></span> <span class='ocrx_word' id='word_1_288' title='bbox 1679 1798 1892 1852; x_wconf 83' lang='lat' dir='ltr'><strong>compingi</strong></span> <span class='ocrx_word' id='word_1_289' title='bbox 1909 1799 2061 1840; x_wconf 88' lang='lat' dir='ltr'><strong>debent</strong></span> 
     </span>
     <span class='ocr_line' id='line_1_29' title="bbox 121 1849 2059 1910; baseline 0.004 -19"><span class='ocrx_word' id='word_1_290' title='bbox 121 1852 356 1892; x_wconf 88' lang='lat' dir='ltr'><strong>commenta</strong></span> <span class='ocrx_word' id='word_1_291' title='bbox 386 1849 435 1890; x_wconf 90' lang='lat' dir='ltr'><strong>de</strong></span> <span class='ocrx_word' id='word_1_292' title='bbox 451 1849 699 1901; x_wconf 75' lang='lat' dir='ltr'><strong>liberatione</strong></span> <span class='ocrx_word' id='word_1_293' title='bbox 718 1849 905 1890; x_wconf 89' lang='lat' dir='ltr'><strong>omnium</strong></span> <span class='ocrx_word' id='word_1_294' title='bbox 923 1864 1066 1891; x_wconf 90' lang='lat' dir='ltr'><strong>eorum</strong></span> <span class='ocrx_word' id='word_1_295' title='bbox 1083 1865 1133 1891; x_wconf 81' lang='lat' dir='ltr'><strong>ex</strong></span> <span class='ocrx_word' id='word_1_296' title='bbox 1150 1850 1314 1892; x_wconf 88' lang='lat' dir='ltr'><strong>inferno</strong></span> <span class='ocrx_word' id='word_1_297' title='bbox 1331 1866 1405 1905; x_wconf 88' lang='lat' dir='ltr'><strong>per</strong></span> <span class='ocrx_word' id='word_1_298' title='bbox 1422 1851 1580 1893; x_wconf 84' lang='lat' dir='ltr'><strong>Christi</strong></span> <span class='ocrx_word' id='word_1_299' title='bbox 1599 1854 1855 1907; x_wconf 82' lang='lat' dir='ltr'><strong>descensum,</strong></span> <span class='ocrx_word' id='word_1_300' title='bbox 1880 1857 1951 1910; x_wconf 88' lang='lat' dir='ltr'><strong>qui</strong></span> <span class='ocrx_word' id='word_1_301' title='bbox 1970 1872 2059 1899; x_wconf 90' lang='lat' dir='ltr'><strong>cre-</strong></span> 
     </span>
     <span class='ocr_line' id='line_1_30' title="bbox 120 1907 2060 1969; baseline 0.004 -19"><span class='ocrx_word' id='word_1_302' title='bbox 120 1910 265 1950; x_wconf 90' lang='lat' dir='ltr'><strong>derent</strong></span> <span class='ocrx_word' id='word_1_303' title='bbox 296 1908 384 1961; x_wconf 89' lang='lat' dir='ltr'><strong>ejus</strong></span> <span class='ocrx_word' id='word_1_304' title='bbox 414 1907 628 1948; x_wconf 89' lang='lat' dir='ltr'><strong>Deitatem</strong></span> <span class='ocrx_word' id='word_1_305' title='bbox 651 1907 777 1960; x_wconf 83' lang='lat' dir='ltr'><strong>(quod</strong></span> <span class='ocrx_word' id='word_1_306' title='bbox 792 1908 932 1962; x_wconf 87' lang='lat' dir='ltr'><strong>tangit</strong></span> <span class='ocrx_word' id='word_1_307' title='bbox 951 1909 1173 1963; x_wconf 70' lang='lat' dir='ltr'><strong>Greyorins</strong></span> <span class='ocrx_word' id='word_1_308' title='bbox 1190 1909 1370 1963; x_wconf 70' lang='lat' dir='ltr'><strong>Maqnus</strong></span> <span class='ocrx_word' id='word_1_309' title='bbox 1392 1910 1459 1952; x_wconf 69' lang='lat' dir='ltr'><strong>lib.</strong></span> <span class='ocrx_word' id='word_1_310' title='bbox 1484 1912 1524 1952; x_wconf 84' lang='lat'><strong>6.</strong></span> <span class='ocrx_word' id='word_1_311' title='bbox 1540 1912 1695 1966; x_wconf 72' lang='lat' dir='ltr'><strong>epistol.</strong></span> <span class='ocrx_word' id='word_1_312' title='bbox 1717 1913 1783 1953; x_wconf 88' lang='lat'><strong>15.</strong></span> <span class='ocrx_word' id='word_1_313' title='bbox 1801 1914 1888 1955; x_wconf 83' lang='lat' dir='ltr'><strong>ind.</strong></span> <span class='ocrx_word' id='word_1_314' title='bbox 1911 1915 2010 1969; x_wconf 59' lang='lat'><strong>15),</strong></span> <span class='ocrx_word' id='word_1_315' title='bbox 2031 1917 2060 1958; x_wconf 87' lang='grc'><strong>81</strong></span> 
     </span>
     <span class='ocr_line' id='line_1_31' title="bbox 121 1964 2058 2022; baseline 0.004 -15"><span class='ocrx_word' id='word_1_316' title='bbox 121 1968 170 2008; x_wconf 90' lang='lat' dir='ltr'><strong>de</strong></span> <span class='ocrx_word' id='word_1_317' title='bbox 192 1966 333 2007; x_wconf 76' lang='lat' dir='ltr'><strong>anima</strong></span> <span class='ocrx_word' id='word_1_318' title='bbox 354 1965 526 2019; x_wconf 78' lang='lat' dir='ltr'><strong>&#39;l’rajani</strong></span> <span class='ocrx_word' id='word_1_319' title='bbox 544 1980 593 2006; x_wconf 87' lang='lat' dir='ltr'><strong>ex</strong></span> <span class='ocrx_word' id='word_1_320' title='bbox 610 1964 774 2006; x_wconf 87' lang='lat' dir='ltr'><strong>inferno</strong></span> <span class='ocrx_word' id='word_1_321' title='bbox 792 1980 865 2019; x_wconf 89' lang='lat' dir='ltr'><strong>per</strong></span> <span class='ocrx_word' id='word_1_322' title='bbox 884 1965 1076 2021; x_wconf 79' lang='lat' dir='ltr'><strong>Gregorii</strong></span> <span class='ocrx_word' id='word_1_323' title='bbox 1093 1981 1234 2020; x_wconf 89' lang='lat' dir='ltr'><strong>preces</strong></span> <span class='ocrx_word' id='word_1_324' title='bbox 1252 1967 1442 2009; x_wconf 74' lang='lat' dir='ltr'><strong>liberata.</strong></span> <span class='ocrx_word' id='word_1_325' title='bbox 1462 1967 1501 2009; x_wconf 90' lang='lat' dir='ltr'>A</span> <span class='ocrx_word' id='word_1_326' title='bbox 1517 1970 1739 2022; x_wconf 87' lang='lat' dir='ltr'><strong>posteriori</strong></span> <span class='ocrx_word' id='word_1_327' title='bbox 1756 1972 1786 2013; x_wconf 88' lang='grc'><strong>81</strong></span> <span class='ocrx_word' id='word_1_328' title='bbox 1804 1973 1963 2013; x_wconf 90' lang='lat' dir='ltr'><strong>enormi</strong></span> <span class='ocrx_word' id='word_1_329' title='bbox 1981 1973 2058 2014; x_wconf 89' lang='lat' dir='ltr'><strong>hoc</strong></span> 
     </span>
     <span class='ocr_line' id='line_1_32' title="bbox 117 2023 2058 2080; baseline 0.003 -13"><span class='ocrx_word' id='word_1_330' title='bbox 117 2027 350 2067; x_wconf 87' lang='lat' dir='ltr'><strong>commento</strong></span> <span class='ocrx_word' id='word_1_331' title='bbox 366 2024 578 2066; x_wconf 67' lang='lat' dir='ltr'><strong>Baronz&#39;ns</strong></span> <span class='ocrx_word' id='word_1_332' title='bbox 594 2023 827 2064; x_wconf 85' lang='lat' dir='ltr'><strong>Ecclesiam</strong></span> <span class='ocrx_word' id='word_1_333' title='bbox 844 2023 1077 2065; x_wconf 85' lang='lat' dir='ltr'><strong>Romanam</strong></span> <span class='ocrx_word' id='word_1_334' title='bbox 1094 2039 1321 2080; x_wconf 85' lang='lat' dir='ltr'><strong>repurgare</strong></span> <span class='ocrx_word' id='word_1_335' title='bbox 1339 2029 1512 2068; x_wconf 85' lang='lat' dir='ltr'><strong>conatur</strong></span> <span class='ocrx_word' id='word_1_336' title='bbox 1527 2027 1583 2068; x_wconf 83' lang='lat' dir='ltr'><strong>ad</strong></span> <span class='ocrx_word' id='word_1_337' title='bbox 1597 2041 1762 2070; x_wconf 77' lang='lat' dir='ltr'><strong>annum</strong></span> <span class='ocrx_word' id='word_1_338' title='bbox 1781 2030 1878 2070; x_wconf 78' lang='lat'>604.</span> <span class='ocrx_word' id='word_1_339' title='bbox 1897 2032 1927 2073; x_wconf 84' lang='grc'><strong>81</strong></span> <span class='ocrx_word' id='word_1_340' title='bbox 1944 2045 2058 2072; x_wconf 90' lang='lat' dir='ltr'><strong>com-</strong></span> 
     </span>
     <span class='ocr_line' id='line_1_33' title="bbox 121 2082 2057 2143; baseline 0.004 -19"><span class='ocrx_word' id='word_1_341' title='bbox 121 2082 316 2138; x_wconf 61' lang='lat' dir='ltr'><strong>pendksse</strong></span> <span class='ocrx_word' id='word_1_342' title='bbox 348 2097 397 2123; x_wconf 85' lang='lat' dir='ltr'><strong>ex</strong></span> <span class='ocrx_word' id='word_1_343' title='bbox 428 2082 2057 2143; x_wconf 56' lang='lat' dir='ltr'><strong>ssh)Sssondanusepnonunoradcmmznnz119.Seddunihocaguntufflffque</strong></span> 
     </span>
     <span class='ocr_line' id='line_1_34' title="bbox 120 2140 2056 2201; baseline 0.004 -19"><span class='ocrx_word' id='word_1_344' title='bbox 120 2140 344 2195; x_wconf 88' lang='lat' dir='ltr'><strong>insigniter</strong></span> <span class='ocrx_word' id='word_1_345' title='bbox 373 2140 543 2194; x_wconf 89' lang='lat' dir='ltr'><strong>propria</strong></span> <span class='ocrx_word' id='word_1_346' title='bbox 574 2140 716 2181; x_wconf 88' lang='lat' dir='ltr'><strong>vineta</strong></span> <span class='ocrx_word' id='word_1_347' title='bbox 748 2141 939 2192; x_wconf 84' lang='lat' dir='ltr'><strong>caedunt,</strong></span> <span class='ocrx_word' id='word_1_348' title='bbox 973 2142 1002 2183; x_wconf 88' lang='grc'><strong>81</strong></span> <span class='ocrx_word' id='word_1_349' title='bbox 1033 2141 1329 2193; x_wconf 87' lang='lat' dir='ltr'><strong>Damascenos,</strong></span> <span class='ocrx_word' id='word_1_350' title='bbox 1360 2141 1389 2183; x_wconf 81' lang='lat' dir='ltr'><strong>J</strong></span> <span class='ocrx_word' id='word_1_351' title='bbox 1391 2142 1577 2184; x_wconf 85' lang='lat' dir='ltr'><strong>ohannes</strong></span> <span class='ocrx_word' id='word_1_352' title='bbox 1594 2143 1816 2197; x_wconf 86' lang='lat' dir='ltr'><strong>Diaconos,</strong></span> <span class='ocrx_word' id='word_1_353' title='bbox 1834 2146 2056 2201; x_wconf 87' lang='lat' dir='ltr'><strong>Brigittas,</strong></span> 
     </span>
     <span class='ocr_line' id='line_1_35' title="bbox 121 2198 2059 2254; baseline 0.004 -14"><span class='ocrx_word' id='word_1_354' title='bbox 121 2198 383 2249; x_wconf 83' lang='lat' dir='ltr'><strong>Mechtildes‚</strong></span> <span class='ocrx_word' id='word_1_355' title='bbox 402 2198 588 2251; x_wconf 87' lang='lat' dir='ltr'><strong>aliosque</strong></span> <span class='ocrx_word' id='word_1_356' title='bbox 606 2198 720 2239; x_wconf 84' lang='lat' dir='ltr'><strong>divos</strong></span> <span class='ocrx_word' id='word_1_357' title='bbox 738 2199 768 2240; x_wconf 93' lang='grc'><strong>81</strong></span> <span class='ocrx_word' id='word_1_358' title='bbox 785 2199 914 2250; x_wconf 65' lang='lat' dir='ltr'><strong>divas7</strong></span> <span class='ocrx_word' id='word_1_359' title='bbox 932 2202 1097 2241; x_wconf 89' lang='lat' dir='ltr'><strong>caetera</strong></span> <span class='ocrx_word' id='word_1_360' title='bbox 1114 2200 1298 2254; x_wconf 88' lang='lat' dir='ltr'><strong>Papatus</strong></span> <span class='ocrx_word' id='word_1_361' title='bbox 1316 2200 1544 2253; x_wconf 86' lang='lat' dir='ltr'><strong>columnas,</strong></span> <span class='ocrx_word' id='word_1_362' title='bbox 1564 2203 1594 2244; x_wconf 88' lang='grc'><strong>81</strong></span> <span class='ocrx_word' id='word_1_363' title='bbox 1617 2204 1747 2244; x_wconf 89' lang='lat' dir='ltr'><strong>testes</strong></span> <span class='ocrx_word' id='word_1_364' title='bbox 1765 2204 2059 2247; x_wconf 88' lang='lat' dir='ltr'><strong>adamantinos</strong></span> 
     </span>
     <span class='ocr_line' id='line_1_36' title="bbox 121 2256 2062 2318; baseline 0.003 -19"><span class='ocrx_word' id='word_1_365' title='bbox 121 2258 173 2299; x_wconf 87' lang='lat' dir='ltr'><strong>ad</strong></span> <span class='ocrx_word' id='word_1_366' title='bbox 203 2257 329 2297; x_wconf 88' lang='lat' dir='ltr'><strong>fidem</strong></span> <span class='ocrx_word' id='word_1_367' title='bbox 359 2260 485 2310; x_wconf 89' lang='lat' dir='ltr'><strong>atque</strong></span> <span class='ocrx_word' id='word_1_368' title='bbox 515 2256 735 2298; x_wconf 86' lang='lat' dir='ltr'><strong>historiam</strong></span> <span class='ocrx_word' id='word_1_369' title='bbox 752 2256 938 2310; x_wconf 88' lang='lat' dir='ltr'><strong>Papatus</strong></span> <span class='ocrx_word' id='word_1_370' title='bbox 960 2258 1268 2307; x_wconf 87' lang='lat' dir='ltr'><strong>stabiliendam,</strong></span> <span class='ocrx_word' id='word_1_371' title='bbox 1291 2258 1573 2312; x_wconf 75' lang='lat' dir='ltr'><strong>turpissimae,</strong></span> <span class='ocrx_word' id='word_1_372' title='bbox 1596 2261 1891 2316; x_wconf 86' lang='lat' dir='ltr'><strong>mythologiae</strong></span> <span class='ocrx_word' id='word_1_373' title='bbox 1913 2264 1942 2306; x_wconf 89' lang='grc'><strong>81</strong></span> <span class='ocrx_word' id='word_1_374' title='bbox 1962 2257 2062 2318; x_wconf 81' lang='lat' dir='ltr'><strong>gra-</strong></span> 
     </span>
     <span class='ocr_line' id='line_1_37' title="bbox 126 2313 1051 2357; baseline 0 0"><span class='ocrx_word' id='word_1_375' title='bbox 126 2314 289 2357; x_wconf 87' lang='lat' dir='ltr'><strong>vissimi</strong></span> <span class='ocrx_word' id='word_1_376' title='bbox 305 2315 456 2355; x_wconf 88' lang='lat' dir='ltr'><strong>erroris</strong></span> <span class='ocrx_word' id='word_1_377' title='bbox 473 2313 577 2355; x_wconf 90' lang='lat' dir='ltr'><strong>haut</strong></span> <span class='ocrx_word' id='word_1_378' title='bbox 598 2315 771 2355; x_wconf 79' lang='lat' dir='ltr'><strong>obscure</strong></span> <span class='ocrx_word' id='word_1_379' title='bbox 788 2315 1051 2357; x_wconf 85' lang='lat' dir='ltr'><strong>convincunt.</strong></span> 
     </span>
    </p>

    <p class='ocr_par' dir='ltr' id='par_1_3' title="bbox 125 2372 2063 2888">
     <span class='ocr_line' id='line_1_38' title="bbox 181 2372 2060 2430; baseline 0.003 -16"><span class='ocrx_word' id='word_1_380' title='bbox 181 2373 225 2417; x_wconf 88' lang='grc'><strong>5.</strong></span> <span class='ocrx_word' id='word_1_381' title='bbox 260 2372 505 2415; x_wconf 63' lang='lat' dir='ltr'><strong>posterioris</strong></span> <span class='ocrx_word' id='word_1_382' title='bbox 535 2373 693 2426; x_wconf 71' lang='grc' dir='ltr'><strong>9606νὶ3</strong></span> <span class='ocrx_word' id='word_1_383' title='bbox 724 2373 975 2427; x_wconf 84' lang='lat' dir='ltr'><strong>principales</strong></span> <span class='ocrx_word' id='word_1_384' title='bbox 1008 2375 1314 2416; x_wconf 85' lang='lat' dir='ltr'><strong>controversiae</strong></span> <span class='ocrx_word' id='word_1_385' title='bbox 1346 2378 1444 2417; x_wconf 88' lang='lat' dir='ltr'><strong>sunt</strong></span> <span class='ocrx_word' id='word_1_386' title='bbox 1467 2390 1573 2430; x_wconf 87' lang='lat' dir='ltr'><strong>quae</strong></span> <span class='ocrx_word' id='word_1_387' title='bbox 1590 2376 1829 2419; x_wconf 87' lang='lat' dir='ltr'><strong>reformatis</strong></span> <span class='ocrx_word' id='word_1_388' title='bbox 1847 2378 2060 2429; x_wconf 83' lang='lat' dir='ltr'><strong>Ecclesiis,</strong></span> 
     </span>
     <span class='ocr_line' id='line_1_39' title="bbox 125 2429 2059 2490; baseline 0.003 -17"><span class='ocrx_word' id='word_1_389' title='bbox 125 2446 221 2473; x_wconf 88' lang='lat' dir='ltr'><strong>cum</strong></span> <span class='ocrx_word' id='word_1_390' title='bbox 242 2430 336 2471; x_wconf 88' lang='lat' dir='ltr'><strong>aliis</strong></span> <span class='ocrx_word' id='word_1_391' title='bbox 353 2430 397 2470; x_wconf 83' lang='grc'><strong>111</strong></span> <span class='ocrx_word' id='word_1_392' title='bbox 414 2429 733 2472; x_wconf 88' lang='lat' dir='ltr'><strong>Christianismo</strong></span> <span class='ocrx_word' id='word_1_393' title='bbox 749 2431 1078 2484; x_wconf 88' lang='lat' dir='ltr'><strong>professionibus</strong></span> <span class='ocrx_word' id='word_1_394' title='bbox 1095 2432 1370 2475; x_wconf 88' lang='lat' dir='ltr'><strong>intercedunt.</strong></span> <span class='ocrx_word' id='word_1_395' title='bbox 1394 2433 1584 2487; x_wconf 85' lang='lat' dir='ltr'><strong>Suntque</strong></span> <span class='ocrx_word' id='word_1_396' title='bbox 1601 2435 1849 2477; x_wconf 86' lang='lat' dir='ltr'><strong>celebriores</strong></span> <span class='ocrx_word' id='word_1_397' title='bbox 1867 2440 2059 2490; x_wconf 86' lang='lat' dir='ltr'><strong>quatuor.</strong></span> 
     </span>
     <span class='ocr_line' id='line_1_40' title="bbox 126 2488 2060 2543; baseline 0.003 -12"><span class='ocrx_word' id='word_1_398' title='bbox 126 2490 273 2531; x_wconf 76' lang='lat' dir='ltr'><strong>Prima</strong></span> <span class='ocrx_word' id='word_1_399' title='bbox 289 2491 352 2530; x_wconf 86' lang='lat' dir='ltr'><strong>est</strong></span> <span class='ocrx_word' id='word_1_400' title='bbox 383 2488 491 2529; x_wconf 91' lang='lat' dir='ltr'><strong>circa</strong></span> <span class='ocrx_word' id='word_1_401' title='bbox 522 2488 754 2542; x_wconf 84' lang='lat' dir='ltr'><strong>subjectum</strong></span> <span class='ocrx_word' id='word_1_402' title='bbox 785 2490 815 2531; x_wconf 90' lang='grc'><strong>81</strong></span> <span class='ocrx_word' id='word_1_403' title='bbox 831 2489 1084 2543; x_wconf 88' lang='lat' dir='ltr'><strong>principium</strong></span> <span class='ocrx_word' id='word_1_404' title='bbox 1106 2491 1345 2538; x_wconf 64' lang='grc' dir='ltr'><strong>ἐνεργητικὸν</strong></span> <span class='ocrx_word' id='word_1_405' title='bbox 1364 2492 1518 2543; x_wconf 83' lang='lat' dir='ltr'><strong>meriti,</strong></span> <span class='ocrx_word' id='word_1_406' title='bbox 1536 2507 1590 2533; x_wconf 88' lang='lat' dir='ltr'><strong>an</strong></span> <span class='ocrx_word' id='word_1_407' title='bbox 1601 2493 1688 2534; x_wconf 89' lang='lat' dir='ltr'><strong>scil.</strong></span> <span class='ocrx_word' id='word_1_408' title='bbox 1707 2494 1900 2535; x_wconf 86' lang='lat' dir='ltr'><strong>Christus</strong></span> <span class='ocrx_word' id='word_1_409' title='bbox 1913 2510 2060 2536; x_wconf 87' lang='lat' dir='ltr'><strong>secun—</strong></span> 
     </span>
     <span class='ocr_line' id='line_1_41' title="bbox 126 2547 2060 2604; baseline 0.004 -16"><span class='ocrx_word' id='word_1_410' title='bbox 126 2548 224 2588; x_wconf 89' lang='lat' dir='ltr'><strong>dum</strong></span> <span class='ocrx_word' id='word_1_411' title='bbox 256 2549 477 2600; x_wconf 87' lang='lat' dir='ltr'><strong>utramque</strong></span> <span class='ocrx_word' id='word_1_412' title='bbox 502 2548 697 2587; x_wconf 87' lang='lat' dir='ltr'><strong>naturam</strong></span> <span class='ocrx_word' id='word_1_413' title='bbox 713 2549 914 2600; x_wconf 88' lang='lat' dir='ltr'><strong>tanquam</strong></span> <span class='ocrx_word' id='word_1_414' title='bbox 931 2547 1138 2590; x_wconf 78' lang='lat' dir='ltr'><strong>Mediator</strong></span> <span class='ocrx_word' id='word_1_415' title='bbox 1154 2550 1183 2591; x_wconf 90' lang='grc'><strong>81</strong></span> <span class='ocrx_word' id='word_1_416' title='bbox 1200 2548 1384 2602; x_wconf 84' lang='lat' dir='ltr'><strong>Sponsor</strong></span> <span class='ocrx_word' id='word_1_417' title='bbox 1400 2552 1541 2591; x_wconf 86' lang='lat' dir='ltr'><strong>noster</strong></span> <span class='ocrx_word' id='word_1_418' title='bbox 1564 2565 1638 2604; x_wconf 88' lang='lat' dir='ltr'><strong>pro</strong></span> <span class='ocrx_word' id='word_1_419' title='bbox 1655 2551 1774 2592; x_wconf 89' lang='lat' dir='ltr'><strong>nobis</strong></span> <span class='ocrx_word' id='word_1_420' title='bbox 1796 2553 1970 2594; x_wconf 90' lang='lat' dir='ltr'><strong>meritus</strong></span> <span class='ocrx_word' id='word_1_421' title='bbox 1993 2554 2060 2596; x_wconf 84' lang='lat' dir='ltr'><strong>sit.</strong></span> 
     </span>
     <span class='ocr_line' id='line_1_42' title="bbox 129 2604 2062 2665; baseline 0.004 -19"><span class='ocrx_word' id='word_1_422' title='bbox 129 2605 232 2647; x_wconf 87' lang='lat' dir='ltr'><strong>Vide</strong></span> <span class='ocrx_word' id='word_1_423' title='bbox 264 2604 524 2646; x_wconf 73' lang='lat' dir='ltr'><strong>Galechelicos</strong></span> <span class='ocrx_word' id='word_1_424' title='bbox 539 2604 763 2658; x_wconf 73' lang='lat' dir='ltr'><strong>Scriptores</strong></span> <span class='ocrx_word' id='word_1_425' title='bbox 778 2606 834 2646; x_wconf 84' lang='lat' dir='ltr'><strong>ad</strong></span> <span class='ocrx_word' id='word_1_426' title='bbox 845 2613 996 2660; x_wconf 69' lang='lat' dir='ltr'><strong>quaest.</strong></span> <span class='ocrx_word' id='word_1_427' title='bbox 1014 2607 1080 2648; x_wconf 84' lang='lat'><strong>15.</strong></span> <span class='ocrx_word' id='word_1_428' title='bbox 1102 2607 1168 2647; x_wconf 91' lang='grc'><strong>16.</strong></span> <span class='ocrx_word' id='word_1_429' title='bbox 1190 2607 1256 2647; x_wconf 89' lang='grc'><strong>17.</strong></span> <span class='ocrx_word' id='word_1_430' title='bbox 1273 2608 1444 2663; x_wconf 70' lang='lat' dir='ltr'><strong>Alcinqii</strong></span> <span class='ocrx_word' id='word_1_431' title='bbox 1456 2608 1713 2660; x_wconf 75' lang='lat' dir='ltr'><strong>Ecenccicam,</strong></span> <span class='ocrx_word' id='word_1_432' title='bbox 1727 2611 1756 2652; x_wconf 86' lang='grc'><strong>81</strong></span> <span class='ocrx_word' id='word_1_433' title='bbox 1767 2610 2062 2665; x_wconf 64' lang='grc' dir='ltr'><strong>Αηιαῃοηὶειαε</strong></span> 
     </span>
     <span class='ocr_line' id='line_1_43' title="bbox 125 2663 2063 2723; baseline 0.003 -18"><span class='ocrx_word' id='word_1_434' title='bbox 125 2664 387 2714; x_wconf 78' lang='lat' dir='ltr'><strong>Bellarmint‘,</strong></span> <span class='ocrx_word' id='word_1_435' title='bbox 421 2663 650 2713; x_wconf 61' lang='lat' dir='ltr'><strong>Maesium,</strong></span> <span class='ocrx_word' id='word_1_436' title='bbox 677 2663 954 2716; x_wconf 60' lang='lat' dir='ltr'><strong>CMmierum,</strong></span> <span class='ocrx_word' id='word_1_437' title='bbox 985 2665 1191 2706; x_wconf 76' lang='lat' dir='ltr'><strong>Francisc.</strong></span> <span class='ocrx_word' id='word_1_438' title='bbox 1226 2666 1401 2708; x_wconf 70' lang='lat' dir='ltr'><strong>lunium</strong></span> <span class='ocrx_word' id='word_1_439' title='bbox 1423 2666 1479 2707; x_wconf 86' lang='lat' dir='ltr'><strong>ad</strong></span> <span class='ocrx_word' id='word_1_440' title='bbox 1496 2667 1534 2707; x_wconf 88' lang='grc'><strong>2.</strong></span> <span class='ocrx_word' id='word_1_441' title='bbox 1557 2674 1798 2709; x_wconf 78' lang='lat' dir='ltr'><strong>controvers.</strong></span> <span class='ocrx_word' id='word_1_442' title='bbox 1814 2671 1991 2723; x_wconf 71' lang='lat' dir='ltr'><strong>ycneral.</strong></span> <span class='ocrx_word' id='word_1_443' title='bbox 2015 2671 2063 2711; x_wconf 86' lang='lat' dir='ltr'><strong>de</strong></span> 
     </span>
     <span class='ocr_line' id='line_1_44' title="bbox 130 2720 2060 2779; baseline 0.004 -16"><span class='ocrx_word' id='word_1_444' title='bbox 130 2721 288 2764; x_wconf 75' lang='lat' dir='ltr'><strong>Christo</strong></span> <span class='ocrx_word' id='word_1_445' title='bbox 320 2722 551 2772; x_wconf 75' lang='lat' dir='ltr'><strong>Mediatore‚</strong></span> <span class='ocrx_word' id='word_1_446' title='bbox 584 2720 652 2762; x_wconf 79' lang='lat' dir='ltr'><strong>lib.</strong></span> <span class='ocrx_word' id='word_1_447' title='bbox 685 2721 723 2761; x_wconf 82' lang='grc'><strong>5.</strong></span> <span class='ocrx_word' id='word_1_448' title='bbox 756 2722 782 2762; x_wconf 79' lang='grc' dir='ltr'><strong><em>ὰ</em></strong></span> <span class='ocrx_word' id='word_1_449' title='bbox 797 2734 884 2775; x_wconf 82' lang='lat' dir='ltr'><strong>cap.</strong></span> <span class='ocrx_word' id='word_1_450' title='bbox 904 2723 943 2762; x_wconf 80' lang='lat'><strong>3.</strong></span> <span class='ocrx_word' id='word_1_451' title='bbox 960 2736 1090 2778; x_wconf 79' lang='lat' dir='ltr'><strong>usque</strong></span> <span class='ocrx_word' id='word_1_452' title='bbox 1106 2723 1313 2779; x_wconf 60' lang='grc'><strong>(1111606111,-</strong></span> <span class='ocrx_word' id='word_1_453' title='bbox 1330 2725 1359 2766; x_wconf 88' lang='grc'><strong>81</strong></span> <span class='ocrx_word' id='word_1_454' title='bbox 1384 2724 1635 2779; x_wconf 72' lang='lat' dir='ltr'><strong>Wiyandam</strong></span> <span class='ocrx_word' id='word_1_455' title='bbox 1646 2733 1787 2767; x_wconf 71' lang='lat' dir='ltr'><strong>contra</strong></span> <span class='ocrx_word' id='word_1_456' title='bbox 1798 2727 2060 2779; x_wconf 62' lang='lat' dir='ltr'><strong>scamarum,</strong></span> 
     </span>
     <span class='ocr_line' id='line_1_45' title="bbox 128 2779 2061 2836; baseline 0.003 -16"><span class='ocrx_word' id='word_1_457' title='bbox 128 2782 176 2820; x_wconf 87' lang='lat' dir='ltr'><strong>ut</strong></span> <span class='ocrx_word' id='word_1_458' title='bbox 206 2780 236 2822; x_wconf 88' lang='grc'><strong>81</strong></span> <span class='ocrx_word' id='word_1_459' title='bbox 265 2779 668 2833; x_wconf 69' lang='lat' dir='ltr'><strong>Schlusselburqiwm</strong></span> <span class='ocrx_word' id='word_1_460' title='bbox 699 2786 841 2821; x_wconf 71' lang='lat' dir='ltr'><strong>contra</strong></span> <span class='ocrx_word' id='word_1_461' title='bbox 870 2781 1059 2833; x_wconf 74' lang='lat' dir='ltr'><strong>eundem,</strong></span> <span class='ocrx_word' id='word_1_462' title='bbox 1092 2782 1124 2821; x_wconf 81' lang='grc'><strong>81</strong></span> <span class='ocrx_word' id='word_1_463' title='bbox 1140 2789 1282 2823; x_wconf 78' lang='lat' dir='ltr'><strong>contra</strong></span> <span class='ocrx_word' id='word_1_464' title='bbox 1301 2782 1579 2824; x_wconf 76' lang='lat' dir='ltr'><strong>Osiandrmn:</strong></span> <span class='ocrx_word' id='word_1_465' title='bbox 1597 2797 1774 2836; x_wconf 87' lang='lat' dir='ltr'><strong>quorum</strong></span> <span class='ocrx_word' id='word_1_466' title='bbox 1790 2784 1861 2826; x_wconf 88' lang='lat' dir='ltr'><strong>ille</strong></span> <span class='ocrx_word' id='word_1_467' title='bbox 1878 2785 2061 2827; x_wconf 87' lang='lat' dir='ltr'><strong>divinam</strong></span> 
     </span>
     <span class='ocr_line' id='line_1_46' title="bbox 127 2836 2059 2888; baseline 0.004 -10"><span class='ocrx_word' id='word_1_468' title='bbox 127 2839 322 2879; x_wconf 87' lang='lat' dir='ltr'><strong>naturam</strong></span> <span class='ocrx_word' id='word_1_469' title='bbox 352 2851 447 2879; x_wconf 90' lang='lat' dir='ltr'><strong>cum</strong></span> <span class='ocrx_word' id='word_1_470' title='bbox 478 2836 721 2888; x_wconf 79' lang='lat' dir='ltr'><strong>pontificiis,</strong></span> <span class='ocrx_word' id='word_1_471' title='bbox 753 2837 832 2879; x_wconf 87' lang='lat' dir='ltr'><strong>iste</strong></span> <span class='ocrx_word' id='word_1_472' title='bbox 863 2837 1091 2880; x_wconf 86' lang='lat' dir='ltr'><strong>humanam</strong></span> <span class='ocrx_word' id='word_1_473' title='bbox 1109 2840 1368 2882; x_wconf 83' lang='lat' dir='ltr'><strong>excludebat.</strong></span> <span class='ocrx_word' id='word_1_474' title='bbox 1387 2839 1576 2883; x_wconf 70' lang='lat' dir='ltr'><strong>Secunda</strong></span> <span class='ocrx_word' id='word_1_475' title='bbox 1592 2840 1737 2883; x_wconf 88' lang='lat' dir='ltr'><strong>itidem</strong></span> <span class='ocrx_word' id='word_1_476' title='bbox 1756 2845 1819 2884; x_wconf 90' lang='lat' dir='ltr'><strong>est</strong></span> <span class='ocrx_word' id='word_1_477' title='bbox 1835 2843 1944 2885; x_wconf 85' lang='lat' dir='ltr'><strong>circa</strong></span> <span class='ocrx_word' id='word_1_478' title='bbox 1960 2844 2059 2885; x_wconf 90' lang='lat' dir='ltr'><strong>sub-</strong></span> 
     </span>
    </p>
   </div>
   <div class='ocr_carea' id='block_1_3' title="bbox 1977 2903 2061 2956">
    <p class='ocr_par' dir='ltr' id='par_1_4' title="bbox 1977 2903 2061 2956">
     <span class='ocr_line' id='line_1_47' title="bbox 1977 2903 2061 2956; baseline 0 -13"><span class='ocrx_word' id='word_1_479' title='bbox 1977 2903 2061 2956; x_wconf 86' lang='lat' dir='ltr'><strong>jec-</strong></span> 
     </span>
    </p>
   </div>
  </div>
 </body>
</html>
