2399 3084
265 87 328 114 XVI

1065 67 1100 111 P
1119 84 1144 111 n
1161 83 1183 111 Α
1201 83 1222 111 s
1241 83 1262 110 r
1279 82 1302 110 A
1319 83 1341 110 'r
1359 82 1372 109 1
1391 82 1426 111 o.

355 199 409 236 49.
444 199 507 234 An
532 207 632 242 aqua
656 198 765 233 initio
790 197 997 233 creationis
1022 195 1183 240 decuplo
1208 193 1372 245 amplior
1395 193 1512 245 fuerit
1535 194 1640 229 terra
1649 215 2101 226 .....................

355 245 410 280 50.
445 243 509 278 An
532 242 672 286 globus
695 243 824 277 terrae
849 242 1029 276 accurate
1061 248 1279 275 mensurari
1302 239 1437 282 possit.
1446 260 2102 270 ..............................

355 288 409 324 51.
446 286 646 331 Quomodo
671 285 890 321 mensurari
912 285 1035 328 possit
1045 304 2102 316 ................................................

355 332 409 368 52.
443 331 507 366 An
530 331 614 366 tota
639 331 745 365 terra
768 330 819 364 sit
842 328 1063 365 habitabilis
1073 348 2103 360 ...............................................

356 376 410 412 53.
447 375 553 418 Quae
576 384 668 418 pars
691 373 782 409 novi
809 373 911 409 orbis
934 371 1295 416 primum-habitari
1320 371 1486 414 coeperit
1491 393 2101 405 ............................

357 420 411 455 54.
446 420 510 454 An
535 418 670 462 Ophir⁷
696 427 770 461 quo
794 417 993 460 navigatio
1018 415 1238 452 Salomonis
1262 414 1335 449 fuit
1358 414 1558 457 instituta,
1590 414 1642 449 sit
1664 414 1765 450 Peru
1768 437 2104 449 ................

357 463 435 499 51b.
448 463 511 498 An
535 472 636 506 aqua
660 462 711 497 sit
735 461 983 505 frigidissima
993 481 2097 492 ..................................................

357 507 436 543 52b.
448 507 511 542 An
535 506 574 541 in
598 506 683 542 loco
708 515 778 541 suo
811 505 942 549 gravis
966 505 1016 539 sit
1016 524 2106 536 ..................................................

359 551 513 587 53b.An
536 559 604 594 per
628 559 671 585 se
696 550 747 585 sit-
770 549 994 593 sphaericae
1020 548 1169 592 figurae
1179 569 1926 580 ..................................
1936 574 1939 577 Α
1942 569 2106 579 ........

358 595 436 631 541).
449 595 513 630 An
536 594 616 635 alat
620 613 2107 629 ...................................................................

358 641 412 675 55.
448 639 512 674 An
537 640 576 674 et
600 638 793 682 quomodo
817 637 1062 681 peculiariter
1085 635 1139 671 illi
1163 636 1412 671 dominentur
1436 635 1661 670 influentiae
1685 633 1842 669 lunares
1853 657 2106 667 ............

359 683 413 718 56.
451 683 557 727 Quae
581 683 632 718 sit
656 692 773 717 causa
798 683 931 717 aestus
956 681 1097 715 marini
1112 701 2106 712 .............................................

358 727 413 763 57.
447 728 511 762 An
534 727 678 770 pontus
702 726 878 761 Euxinus
903 725 953 760 sit
977 734 1662 760 m‘ue
1677 745 2108 754 ....................

360 771 414 807 58.
449 771 512 806 An
536 780 645 806 mare
670 771 815 806 oriatur
840 779 890 804 ex
912 768 1153 811 fluminibus,
1180 769 1247 803 aut
1271 768 1478 811 vaporibus
1502 767 1685 803 resolutis
1695 789 2108 799 ...................

361 816 415 851 59.
451 815 514 850 An
540 824 656 850 omne
681 814 867 848 diluvium
892 813 943 847 sit
967 822 990 847 a
1013 812 1094 848 Deo
1098 835 2109 847 ..............................................

362 859 416 894 60.
452 859 516 894 An
540 858 741 894 conversio
767 858 894 893 terrae
918 856 1110 892 Sodomae
1135 857 1174 892 in
1199 866 1307 892 mare
1333 858 1534 892 mortuum
1554 856 1671 892 fuerit
1694 856 1903 899 diluvium;
1921 855 2115 899 quomodo

497 902 619 945 facta;
644 911 694 937 an
718 901 952 937 miraculosa
961 923 2109 934 ....................................................

362 947 417 982 61.
450 947 514 981 An
537 946 840 981 intumescentia
865 945 903 980 et
928 947 1060 980 motus
1084 946 1204 981 maris
1227 945 1361 981 Jonaei
1387 944 1504 980 fuerit
1527 944 1715 980 naturalis
1725 967 2114 976 ...................

363 991 418 1026 62.
455 990 551 1035 Quid
577 991 622 1025 de
646 990 733 1024 lacu
757 990 952 1033 Pyreneo.
978 992 1019 1025 et
1043 989 1165 1025 altero
1190 990 1230 1025 in
1255 991 1391 1025 monte
1415 989 1538 1024 fracto
1562 998 1680 1032 prope
1694 989 1911 1024 Lucernam
1924 988 2118 1024 Helvetio-

497 1044 585 1070 rum
609 1052 653 1058 —-
677 1044 793 1077 quem
816 1033 930 1069 Pilati
952 1035 1131 1070 montem
1154 1035 1354 1070 vocant—
1377 1033 1643 1074 statuendum,
1656 1033 1695 1067 in
1709 1042 1806 1076 quos
1822 1033 1941 1076 siquis
1953 1032 2120 1076 lepidem

499 1079 668 1122 dejiciat,
693 1079 876 1113 continue
900 1079 1176 1122 tempestates,
1202 1078 1391 1120 tonitrua,
1417 1078 1627 1120 grandines
1652 1077 1831 1111 dicuntur
1856 1077 1998 1112 exoriri
2001 1099 2115 1111 ......

365 1123 420 1158 63.
456 1122 520 1157 An
544 1123 732 1166 quotidie,
758 1131 826 1165 per
850 1122 1056 1157 dectusum
1080 1122 1200 1157 trium
1214 1123 1429 1166 quatuorve
1443 1121 1707 1163 saeculorum,
1724 1122 1830 1156 terra
1846 1120 1934 1164 plus
1949 1120 2122 1156 lucretur

500 1167 546 1202 de
572 1168 688 1210 aqua.
714 1176 765 1201 an
789 1176 881 1202 vero
907 1168 1043 1202 contra
1053 1187 2117 1199 ................................................

366 1210 422 1246 64.
457 1211 520 1246 An
544 1210 702 1254 plantae
727 1211 805 1245 sint
829 1210 1026 1245 animat-ae
1051 1212 1091 1246 et·
1115 1211 1335 1246 sensitivae.
1347 1232 1780 1242 ....................
1798 1236 1801 1239 .
1817 1232 1938 1240 ......

366 1255 420 1291 65.
456 1256 520 1291 An
544 1265 623 1290 non
648 1256 841 1298 repugnet
867 1255 988 1289 ordini
1015 1255 1238 1297 creationis.
1265 1255 1297 1289 si
1312 1255 1461 1290 dicatur
1474 1255 1643 1298 speciem
1656 1263 1777 1288 unam
1790 1263 1922 1289 rerum
1939 1263 1978 1288 m
1995 1252 2122 1295 aliam,

501 1309 569 1343 per
592 1300 797 1334 hominum
821 1299 1053 1333 industriam
1078 1299 1335 1334 transmutari
1352 1309 1477 1342 posse,
1492 1308 1522 1334 e.
1537 1308 1592 1341 gr.
1605 1297 1741 1333 viliora
1757 1297 1919 1332 metalla
1930 1298 1970 1332 in
1983 1306 2122 1333 aurum

368 1344 422 1380 66.
455 1344 519 1379 An
542 1343 750 1378 Paradisus
773 1344 890 1378 tertio
916 1353 965 1377 an
990 1352 1083 1378 vero
1109 1344 1223 1379 sexto
1249 1344 1308 1379 die
1333 1344 1384 1378 sit
1409 1344 1563 1378 creatus
1572 1365 2118 1375 .........................

368 1388 422 1424 67.
456 1389 521 1423 An
544 1388 663 1422 homo
688 1387 815 1422 factus
840 1387 956 1422 fuerit
980 1388 1019 1422 in
1044 1387 1226 1423 Paradiso
1236 1409 2120 1420 ........................................

371 1432 427 1468 68.
463 1432 568 1476 Quae
593 1431 737 1467 fuerint
761 1432 923 1466 flumina
945 1431 1118 1466 Paradisi
1127 1453 2120 1464 .............................................

370 1477 425 1512 69.
460 1477 523 1512 An
547 1476 724 1519 paradiso
749 1476 863 1511 decor
888 1477 1087 1519 superstes
1111 1476 1226 1512 fuerit
1251 1486 1374 1520 usque
1400 1477 1447 1512 ad
1472 1476 1677 1519 diluvium;
1698 1475 1738 1511 et
1762 1475 1985 1511 hominibus
2010 1474 2126 1510 fuerit

510 1519 800 1563 frequentatus3
824 1519 967 1554 saltem
995 1521 1175 1563 cognitus
1179 1542 2120 1555 ...........................................

373 1564 426 1600 70.
463 1563 538 1599 Cur
561 1564 764 1607 paradisus
787 1565 877 1607 post⁴
901 1563 1087 1599 diluvium
1111 1574 1314 1608 nunquam
1338 1566 1517 1608 repertus
1540 1564 1657 1600 fuerit
1665 1587 2119 1596 .....................

373 1609 426 1644 71.
461 1608 525 1642 An
550 1608 688 1643 stellae
713 1608 791 1643 sint
815 1609 947 1650 partes
972 1608 1170 1644 densiores
1195 1610 1256 1644 sui
1280 1609 1382 1645 orbis
1397 1610 1437 1644 et
1450 1609 1735 1651 consequenter
1750 1608 1924 1643 eiusdem
1937 1608 2126 1643 materiae

374 1653 428 1687 72.
463 1652 527 1687 An
550 1662 740 1687 numerus
765 1661 901 1687 earum
924 1652 1125 1687 minuatur
1149 1654 1217 1688 aut
1241 1654 1434 1696 augeatur
1442 1675 2120 1685 ...............................

374 1697 427 1732 73.
463 1696 528 1731 An
553 1697 592 1731 et
616 1696 809 1739 quomodo
834 1695 972 1731 stellae
996 1697 1195 1732 numerari
1220 1698 1365 1741 queant
1374 1719 2122 1729 ..................................

375 1741 427 1775 74.
465 1740 528 1774 An
553 1749 623 1775 sex
649 1750 785 1775 earum
810 1739 1068 1783 differentiae,
1094 1741 1194 1784 quod
1219 1742 1267 1776 ad
1290 1742 1603 1784 magnitudinem
1636 1742 1741 1776 recte
1766 1740 2018 1783 assignentur
2026 1763 2123 1772 .....

374 1784 427 1820 75.
463 1785 527 1819 An
554 1784 714 1863 ἓζξΠῃθῑ
740 1785 785 1819 de
811 1784 916 1819 caelo
943 1784 1100 1827 cadant⁷
1127 1787 1194 1820 aut
1218 1786 1257 1820 in
1282 1785 1388 1820 coelo
1414 1786 1735 1828 exstinguant-ur,
1761 1785 1830 1819 aut
1854 1784 1989 1820 lumen
2012 1793 2128 1819 suum

508 1837 552 1864 co
583 1838 593 1862 1
623 1838 695 1863 ean
730 1852 2124 1861 ...............................................................

375 1872 428 1908 76.
463 1872 528 1907 An
552 1872 688 1908 stellae
713 1882 763 1908 ex
787 1872 907 1907 nihilo
932 1873 1011 1907 sint
1036 1874 1213 1909 conditae
1223 1895 2123 1905 .........................................

377 1917 430 1951 77.
465 1916 528 1951 An
553 1917 691 1959 quarto
717 1917 775 1952 die
800 1916 879 1951 sint
902 1917 1133 1960 productae,
1159 1918 1258 1961 quod
1285 1918 1332 1953 ad
1357 1918 1588 1960 accidentia,
1621 1927 1671 1953 an
1695 1927 1788 1953 vero
1814 1917 1933 1953 etiam
1958 1916 2058 1960 quod
2082 1916 2131 1951 ad

510 1961 791 2004 substantiam3
827 1960 881 1995 ita
916 1962 960 1995 ut
994 1962 1168 2004 partibus
1200 1962 1261 1997 hic
1286 1962 1381 1997 coeli
1406 1962 1647 1998 densioribus
1672 1962 1815 1997 dedent
1837 1970 1960 1996 novas
1983 1960 2131 1996 formas

511 2004 810 2046 substantiales,
835 2004 1002 2047 figuram
1026 2006 1254 2049 rotundam,
1280 2006 1408 2042 lucem
1433 2006 1472 2042 et
1495 2007 1649 2041 motum
1653 2028 2124 2041 ......................

378 2093 431 2129 79.
499 2102 543 2127 ur
567 2092 660 2128 luna
685 2093 901 2136 appelletur
925 2092 1117 2129 luminare
1142 2103 1332 2137 inagnum
1359 2094 1453 2129 Gen.
1481 2095 1509 2128 1.
1542 2095 1585 2129 16
1609 2103 1697 2129 cum
1723 2094 1774 2128 sit
1797 2093 1925 2128 minor
1951 2093 2131 2129 omnibus

469 2151 474 2155 ·
513 2136 656 2179 stellis.
683 2138 845 2180 excepto
871 2137 1056 2172 Mercurio
1067 2160 2126 2170 ................................................

379 2181 433 2216 80.
469 2180 533 2214 An
558 2180 728 2215 influxus
754 2182 793 2215 et
816 2181 1030 2223 mixturae.
1057 2182 1250 2217 amicitiae
1275 2184 1391 2224 atque
1415 2182 1638 2217 inimicitiae
1663 2180 1866 2217 stellarum
1891 2181 1962 2216 etc.
1988 2180 2130 2217 saltem

513 2234 591 2259 non
615 2224 801 2259 inclinant
828 2225 872 2265 (si
897 2234 974 2259 non
1000 2226 1252 2261 necessitanti
1276 2226 1501 2261 voluntates
1526 2226 1719 2260 humanas
1723 2249 2126 2260 ..................

381 2269 434 2303 81.
472 2267 631 2312 Quando
656 2270 813 2311 tempus
837 2269 887 2303 sit
919 2270 1094 2303 creatum
1098 2292 2126 2303 ...............................................

381 2312 436 2347 82.
472 2313 534 2346 An
562 2312 811 2355 prognostica
834 2313 1129 2355 tempestatum,
1156 2314 1195 2348 et
1219 2313 1360 2348 similia
1383 2313 1577 2348 naturalia
1602 2323 1653 2349 ex
1678 2313 1969 2357 astrispraedici
1981 2313 2134 2357 possint

376 2356 430 2391 83.
464 2357 529 2390 An
553 2366 620 2399 pei·
643 2356 827 2391 indicium
851 2358 1048 2405 asti-orum
1073 2366 1135 2392 res
1160 2357 1312 2392 futiuas
1335 2358 1574 2400 investigare
1598 2357 1649 2392 sit
1672 2359 1877 2401 peccatum
1879 2381 2127 2392 ............

381 2400 435 2436 84.
471 2399 568 2435 Cum
604 2400 747 2443 duplex
771 2400 863 2435 anni
887 2400 1099 2442 distinctio,
1136 2401 1387 2444 eiusdemque
1413 2401 1555 2444 duplex
1576 2401 1730 2438 initium
1755 2403 1795 2437 et
1817 2401 1906 2436 finis
1928 2403 2000 2438 sub
2023 2401 2068 2437 V.
2092 2401 2132 2437 T.

519 2445 768 2480 observatum
794 2443 925 2486 fuerit,
951 2445 1039 2479 utra
1063 2445 1113 2479 sit
1138 2445 1274 2480 melior
1308 2446 1348 2480 et
1371 2445 1562 2480 vetustior
1566 2468 2128 2481 ..........................

383 2487 437 2522 85.
472 2488 536 2522 An
559 2489 717 2531 tempus
741 2489 791 2523 sit
816 2497 878 2523 res
903 2488 1093 2532 quaedam
1117 2489 1291 2532 praecisa
1315 2490 1361 2524 ab
1388 2489 1492 2524 omni
1518 2490 1741 2532 operatione
1765 2489 1988 2525 intellectus
1991 2512 2126 2524 .......

381 2531 435 2566 86.
470 2531 533 2566 An
557 2532 714 2575 tempus
738 2541 779 2567 re
804 2530 957 2568 differat
981 2542 1003 2567 a
1026 2533 1138 2567 motu
1141 2556 2127 2568 .............................................

383 2575 437 2610 87.
472 2575 667 2653 Anftntra
696 2585 767 2654 sfex
793 2576 872 2611 dies
905 2576 1033 2612 omnis
1057 2577 1212 2619 generis
1239 2578 1385 2620 brutae,
1417 2577 1535 2612 etiam
1560 2578 1765 2621 venenata,
1789 2577 1909 2614 noxia
1936 2578 1976 2613 et
1990 2576 2134 2613 infecta

519 2628 579 2653 sin
623 2628 710 2654 orea
731 2630 752 2654 a
756 2643 2128 2654 ..............................................................

382 2662 436 2697 88.
475 2661 538 2696 An
562 2663 676 2698 bruta
701 2663 779 2698 sint
803 2664 842 2698 in
868 2664 994 2700 cibum
1020 2664 1112 2700 data
1135 2674 1158 2699 a
1180 2665 1305 2708 prima
1330 2674 1461 2700 rerum
1493 2666 1687 2702 creatione
1691 2688 2128 2701 .....................

384 2706 437 2741 89.
472 2705 531 2740 Ex
556 2715 631 2749 qua
655 2707 819 2742 materia
842 2708 967 2751 pisces
991 2708 1030 2743 et
1054 2717 1147 2743 aves
1170 2709 1358 2751 producta
1367 2732 2130 2743 ...................................

385 2750 439 2784 90.
475 2750 536 2784 An
562 2750 667 2786 Deus
691 2751 815 2794 pisces
840 2752 878 2786 et
903 2761 996 2787 aves
1021 2752 1209 2787 creaverit
1235 2761 1284 2787 ex
1309 2753 1427 2789 nihilo
1431 2776 2127 2788 ................................

385 2793 439 2829 91.
475 2794 537 2828 An
562 2794 651 2837 quid
677 2795 722 2830 de
747 2795 897 2839 aquilae
918 2795 1082 2839 juventa
1107 2796 1341 2832 credendum
1345 2820 1995 2833 ..............................
2012 2823 2016 2826 .
2033 2821 2128 2830 .....

377 2049 398 2083 7
423 2076 430 2083 .
469 2047 575 2127 guae
598 2048 715 2084 fuerit
739 2048 854 2084 stella
878 2049 1096 2092 Magorum,
1122 2049 1258 2085 Matth.
1283 2050 1304 2084 2
1312 2071 2125 2082 .....................................
2134 2052 2137 2053 ’

2154 236 2219 272 176

2154 281 2220 317 176

2155 325 2220 360 177

2155 369 2220 405 177

2157 414 2221 449 177

2152 458 2218 494 180

2158 502 2224 537 180

2158 546 2225 582 180

2159 590 2225 626 180

2159 634 2225 670 180

2158 678 2224 714 180

2160 722 2225 758 180

2160 766 2225 801 180

2161 810 2226 846 180

2163 898 2226 933 181

2166 943 2227 978 181

2167 1075 2227 1111 181

2168 1163 2231 1199 181

2169 1208 2231 1244 181

2170 1297 2235 1333 183

2170 1341 2235 1377 186

2173 1386 2238 1422 186

2172 1431 2237 1467 186

2172 1519 2237 1555 187

2172 1564 2238 1599 188

2173 1608 2238 1643 188

2173 1652 2239 1687 188

2174 1696 2239 1732 188

2175 1741 2239 1776 189

2176 1829 2240 1864 189

2176 1873 2241 1909 189

2176 2005 2241 2041 189

2178 2137 2242 2173 189

2179 2226 2244 2261 190

2179 2270 2244 2305 190

2179 2314 2245 2349 190

2179 2358 2244 2393 190

2180 2446 2244 2481 190

2179 2490 2246 2525 190

2180 2534 2245 2569 190

2181 2621 2242 2657 191

2181 2665 2246 2701 194

2182 2709 2246 2745 198

2178 2753 2244 2789 198

2180 2796 2246 2832 202

2104 2841 2158 2877 92.
2182 2840 2246 2876 An
