2399 3084
340 143 421 184 196
470 142 614 183 D1sp.
647 140 746 182 VII.
778 139 1224 181 PROBLEMATUM
1255 153 1319 179 DE
1351 137 1585 179 Mmmo
1618 138 1870 180 CHRISTI
1904 139 2039 182 PARS
2071 140 2148 183 III.

335 268 431 307 actu
461 265 632 306 reflexio
664 263 761 304 fidei
783 263 976 317 specialis
1001 263 1252 317 applicantis
1279 277 1400 317 posse
1418 264 1492 304 aut
1511 262 1662 303 debere
1684 262 1942 315 concludere,
1963 262 2178 305 Christum
2200 279 2276 318 pro

334 339 376 366 se
395 326 619 374 mortuum,
638 324 712 363 aut
729 336 772 363 se
788 322 880 363 Deo
898 321 1226 372 reconciliatum,
1255 324 1330 362 aut
1341 321 1620 375 justificatum
1639 335 1740 362 esse.
1775 320 1832 362 Et
1862 321 1942 363 hac
1963 321 2127 364 ratione
2150 337 2276 377 expe-

334 383 470 423 dimus
502 396 576 422 nos
610 383 635 422 a
651 380 909 434 sophismate
927 380 1189 431 Bellarmini,
1216 381 1245 422 81
1264 380 1648 422 Remonslranlz'um
1669 380 1715 420 in
1732 379 1944 435 Apoloyia,
1967 395 2049 434 quo
2067 381 2276 435 objectum

333 441 429 482 fidei
450 440 642 494 specialis
666 439 792 493 (quod
822 438 929 480 mihi
960 441 1032 480 aut
1053 439 1134 479 tibi
1155 438 1243 479 scil.
1267 441 1365 480 sunt
1382 438 1558 479 remissa
1575 438 1763 493 peccata)
1787 438 1957 492 ejusque
1981 439 2277 480 certitudinem

333 500 575 540 subvertere
612 500 830 539 conantur.
864 497 1070 538 Minorem
1086 499 1199 538 recte
1217 500 1429 552 negatam,
1446 511 1498 538 ne
1522 496 1693 550 quidem
1709 497 1883 538 verbulo
1900 497 2080 551 probare
2101 501 2277 539 conatur

332 557 575 607 Testardus,
612 557 766 597 nedum
787 558 835 597 ut
868 556 1191 610 explicationem
1223 571 1271 597 ac
1287 555 1581 610 probationem
1598 557 1622 595 a
1639 553 1895 608 Spanhemio
1915 556 2101 597 additam
2122 556 2275 597 infrin—

332 619 464 670 geret,
497 616 570 656 sed
596 629 746 656 causae
779 616 923 669 aperte
945 615 1133 656 desertae
1155 614 1222 655 his
1239 614 1379 656 verbis
1402 613 1664 655 solummodo
1681 613 1900 655 valedicit:
1927 614 2046 667 Quod
2066 616 2276 669 Evanqelii

331 674 476 726 verbis,
498 673 539 716 ec
558 674 677 729 [pag.
702 673 809 729 258]
828 674 1083 715 oeconomiae
1099 674 1326 715 secundum
1348 686 1477 728 quam
1494 673 1610 714 Deus
1632 672 1742 713 iram
1765 685 1886 714 suam
1906 673 2126 715 denuntiat
2143 674 2275 716 incre-

329 734 454 784 dulis,
479 733 664 788 quadret,
674 732 859 786 judicem
875 732 961 774 alii.
996 731 1097 772 Tria
1128 745 1228 786 ergo
1245 731 1367 773 nobis
1385 731 1509 772 debet
1528 730 1771 782 Testardus,
1794 732 1831 781 1,
1848 734 1896 772 ut
1914 731 1966 772 ad
1983 731 2164 774 formam
2183 733 2268 787 syl-

324 792 563 846 logisticam
585 791 799 832 Achillem
832 804 954 832 suum
985 790 1174 845 redigat:
1198 791 1308 844 quod
1335 790 1459 831 aliter
1476 789 1568 830 fieri
1589 804 1673 831 non
1694 791 1848 843 potest,
1868 804 1996 844 quam
2017 791 2076 832 sic
2095 805 2190 832 eum
2207 792 2272 832 in-

325 851 544 892 struendo:

386 908 593 963 Quicquid
612 923 756 950 omnes
774 909 803 951 81
821 907 980 963 singuli
999 910 1196 949 tenentur
1213 910 1286 949 aut
1299 909 1476 962 possunt
1491 906 1628 948 teneri
1649 907 1831 959 credere,
1855 907 1931 949 sub
1949 923 2083 962 poena
2102 908 2168 951 810.
2189 925 2198 959 ;
2231 910 2274 951 id

324 983 468 1009 verum
486 971 573 1009 est:

382 1026 463 1068 Sed
486 1027 701 1068 Christum
733 1041 809 1080 pro
841 1025 1036 1067 omnibus
1061 1025 1090 1066 81
1108 1024 1288 1080 singulis
1310 1040 1401 1067 esse
1418 1027 1644 1075 mortuum,
1668 1040 1813 1066 omnes
1836 1026 1866 1067 81
1883 1025 2043 1080 singuli
2059 1028 2271 1079 tenentur,

324 1088 397 1127 aut
414 1088 590 1140 possunt
607 1085 742 1127 teneri
762 1085 929 1126 credere
946 1084 1022 1126 sub
1041 1098 1176 1138 poena
1193 1084 1501 1125 incredulitatis
1523 1084 1567 1125 in
1585 1083 1822 1139 Euangelio
1841 1084 2103 1126 denuntiata.

383 1145 498 1200 Ergo
517 1144 733 1186 Christum
750 1158 824 1198 pro
847 1143 1041 1184 omnibus
1060 1144 1089 1185 81
1107 1142 1286 1197 singulis
1307 1157 1396 1184 esse
1413 1145 1641 1194 mortuum,
1664 1157 1811 1184 verum
1833 1145 1916 1183 est:

381 1203 409 1245 J
412 1219 480 1244 am
497 1203 591 1245 dem
600 1217 671 1244 um
687 1203 731 1243 in
748 1203 886 1258 figura
904 1203 933 1244 81
949 1202 1085 1252 modo,
1108 1201 1244 1242 tribus
1262 1201 1454 1243 terminis
1486 1201 1710 1242 modaliter
1728 1201 2002 1246 concluditur.
2033 1201 2176 1244 Minus
2198 1217 2270 1244 ex-

323 1266 507 1303 tremum
525 1264 608 1304 est:
638 1262 846 1303 Christum
860 1274 941 1314 pro
958 1260 1150 1302 omnibus
1171 1259 1211 1302 ‹96
1227 1261 1404 1315 sinyulis
1421 1274 1505 1302 esse
1520 1268 1749 1302 mortuum.
1774 1259 1913 1314 Majus
1931 1262 2167 1302 extremum
2183 1264 2268 1303 est:

335 1323 482 1363 Verum
515 1329 591 1362 est:
608 1319 773 1361 Medius
790 1319 995 1361 terminus
1014 1321 1098 1360 est:
1121 1320 1230 1372 Quia
1247 1333 1388 1360 onmes
1409 1318 1450 1361 «96
1466 1320 1622 1374 sinyuli
1650 1326 1840 1361 tenentur
1859 1326 1932 1360 aut
1949 1328 2124 1373 possum
2143 1321 2270 1362 teneri

327 1379 400 1422 ecc.
433 1381 506 1421 hoc
535 1380 709 1422 credere.
726 1378 818 1420 Hoc
835 1378 870 1419 si
886 1377 1161 1432 praestiterit,
1185 1377 1249 1419 uti
1265 1379 1481 1431 praestare
1498 1378 1634 1428 debet,
1653 1378 1746 1431 quis
1769 1391 1851 1418 non
1869 1377 1983 1418 videt
2000 1392 2090 1420 esse
2107 1393 2268 1434 negan-

324 1439 420 1480 dam
454 1439 680 1479 minorem:
716 1437 816 1491 quin
843 1437 972 1478 inimo
988 1436 1058 1477 vix
1076 1436 1192 1477 aliud
1209 1451 1298 1477 esse
1320 1436 1399 1478 hoc
1421 1439 1732 1491 argumentum,
1756 1450 1883 1489 quam
1901 1450 2176 1491 coccysmum,
2196 1440 2269 1478 aut

323 1497 616 1552 battologiam,
650 1495 842 1538 Christus
870 1510 944 1549 pro
976 1495 1170 1536 omnibus
1194 1496 1223 1537 81
1260 1495 1439 1550 singulis
1473 1498 1535 1536 est
1567 1497 1783 1544 mortuus;
1807 1494 1906 1548 quia
1929 1509 2074 1536 verum
2092 1499 2155 1537 est
2172 1510 2268 1538 eum

324 1571 413 1597 esse
445 1556 503 1597 310
534 1558 769 1597 mortuum:
800 1555 829 1596 81
852 1568 1033 1604 rursum,
1052 1568 1196 1595 verum
1215 1556 1291 1602 est,
1310 1568 1404 1594 eum
1424 1568 1513 1595 esse
1530 1553 1589 1595 sic
1605 1556 1841 1602 mortuuni;
1861 1553 1960 1607 quia
1977 1553 2168 1596 homines
2189 1555 2269 1596 hoc

323 1617 520 1655 tenentur
536 1614 723 1655 credere:
746 1612 940 1666 Denique
961 1627 1106 1653 verum
1129 1615 1191 1654 est
1210 1627 1278 1653 eos
1300 1612 1434 1653 teneri
1453 1613 1503 1653 ad
1523 1612 1787 1663 credendum,
1818 1612 1917 1666 quia
1937 1612 2016 1654 hoc
2033 1613 2268 1668 Euangelio

323 1673 518 1714 traditur.
551 1672 633 1714 Hic
665 1672 872 1713 terminus
900 1674 1002 1712 esto.
1036 1670 1128 1712 Hoc
1160 1671 1299 1725 ipsum
1331 1673 1395 1712 est
1410 1670 1639 1719 κρινόμενον.
1668 1669 1752 1712 Ubi
1769 1671 1847 1711 hoc
1865 1671 2047 1712 traditur
2063 1671 2264 1727 Euange-

324 1732 379 1773 lio
394 1734 413 1773 ‘3
431 1733 470 1774 2.
496 1731 614 1782 Quod
630 1730 751 1771 nobis
768 1730 891 1771 debet
909 1733 984 1779 est,
1003 1740 1050 1770 ut
1067 1729 1273 1770 minoram
1291 1729 1473 1770 Achillis
1490 1729 1576 1770 sive
1594 1729 1892 1783 paralogistice
1909 1729 1995 1770 sive
2009 1730 2268 1785 syllogistice

323 1791 365 1831 in
384 1790 519 1831 forma
536 1789 741 1844 propositi
758 1789 919 1843 probet.
955 1787 1202 1829 Affirmanti
1224 1788 1339 1829 enim
1356 1789 1385 1830 81
1402 1787 1665 1842 oppugnanti
1689 1787 1896 1828 incumbit
1912 1788 2129 1841 probatio:
2150 1790 2268 1843 atqui

323 1850 441 1890 nulla
477 1849 544 1890 vel
579 1849 729 1889 umbra
761 1847 1022 1901 probationis
1053 1847 1123 1888 hic
1154 1849 1384 1901 comparet:
1417 1848 1456 1888 3.
1478 1847 1597 1899 Quod
1614 1846 1734 1887 nobis
1753 1846 1876 1887 debet
1893 1845 2122 1888 Testardus
2140 1862 2268 1902 supra

324 1907 669 1949 Remonstrantes
702 1906 889 1959 aliosque
920 1906 1197 1947 heterodoxos
1223 1905 1302 1947 hoc
1321 1905 1488 1946 Achille
1506 1908 1756 1960 pugnantes,
1782 1907 1845 1946 est
1860 1905 2055 1958 probatio
2072 1906 2265 1960 majoris:

324 1981 463 2020 quam,
497 1968 544 2007 ut
571 1966 623 2006 ab
646 1966 737 2019 ipso
754 1965 1010 2018 interpolata
1027 1967 1103 2015 est,
1121 1965 1276 2006 directe
1299 1965 1328 2006 81
1345 1964 1601 2005 confidenter
1617 1977 1834 2018 negamus,
1854 1963 2016 2004 ratione
2034 1964 2131 2005 novi
2148 1979 2267 2006 assu-

322 2025 455 2066 menti
491 2025 619 2066 illius.
652 2024 771 2072 Quod
804 2038 947 2064 omnes
980 2023 1044 2063 illi
1076 2023 1229 2076 quibus
1250 2037 1333 2063 non
1355 2021 1437 2063 fuit
1453 2023 1686 2063 revelatum
1704 2025 1778 2062 aut
1800 2022 1954 2076 quibus
1971 2036 2187 2076 nunquam
2205 2027 2268 2065 est

323 2083 608 2134 revelandum,
641 2084 817 2136 possunt
849 2081 983 2122 teneri
1002 2082 1167 2123 credere
1186 2081 1410 2137 (siquidem
1427 2081 1532 2134 ipsis
1555 2083 1578 2121 a
1595 2079 1685 2121 Deo
1702 2080 1976 2134 revelaretur)
2000 2081 2106 2122 illud
2122 2096 2267 2123 verum

325 2145 399 2183 est.
433 2141 556 2183 Nihil
587 2141 807 2182 absurdius
840 2140 921 2181 dici
957 2142 1113 2193 potest.
1145 2139 1361 2181 Sexcentis
1393 2138 1607 2179 instantiis
1630 2140 1660 2181 81
1678 2138 1993 2192 exceptionibus
2021 2139 2171 2182 infelix
2187 2140 2266 2182 hoc

325 2203 607 2242 commentum
623 2199 746 2240 facile
769 2198 1033 2253 profligatur.
1067 2197 1207 2240 Unam
1234 2198 1494 2239 solummodo
1527 2200 1654 2251 atque
1672 2198 1849 2238 alteram
1873 2197 2016 2249 affero,
2036 2201 2082 2239 ut
2099 2198 2268 2240 videant

325 2259 601 2300 absurdorum
618 2257 897 2312 labyrinthos.
931 2256 984 2298 Se
1003 2272 1092 2298 esse
1112 2258 1278 2305 0100103,
1298 2258 1327 2299 81
1345 2256 1560 2297 Christum
1582 2255 1662 2296 sibi
1679 2256 1955 2309 promeritum
1979 2271 2067 2298 esse
2084 2257 2267 2312 gratiam

325 2317 655 2372 regenerationis
693 2317 722 2358 &
755 2316 865 2366 fidei,
899 2318 1025 2369 atque
1058 2316 1160 2356 adeo
1182 2330 1225 2356 se
1252 2315 1343 2356 Deo
1365 2314 1667 2365 reconciliatos,
1691 2329 1734 2355 se
1752 2314 1971 2355 salvandos
1994 2316 2060 2357 &c.
2078 2329 2221 2358 omnes
2238 2316 2267 2357 &

325 2376 482 2430 singuli
513 2376 718 2426 homines,
748 2374 876 2415 etiam
898 2374 1086 2414 damnati
1118 2374 1161 2414 in
1177 2373 1356 2424 inferno,
1374 2375 1549 2426 possunt
1566 2373 1701 2414 teneri
1722 2373 1889 2414 credere
1907 2373 2160 2428 (Euangelio
2177 2374 2266 2416 scil.

325 2435 403 2475 hoc
434 2434 536 2488 ipsis
559 2434 811 2488 praedicato,
837 2433 947 2486 quod
979 2432 1173 2473 omnibus
1196 2447 1271 2473 sua
1288 2434 1440 2472 natura
1459 2433 1522 2472 est
1538 2431 1833 2485 praedicabile,
1851 2432 2043 2484 quamvis
2062 2447 2111 2473 ex
2133 2432 2266 2486 hypo-

325 2493 433 2533 thesi
457 2493 611 2534 decreti
643 2491 773 2532 divini
806 2491 908 2545 ipsis
926 2491 1250 2544 praedicandum
1268 2505 1351 2531 non
1373 2490 1441 2540 311,
1460 2504 1536 2531 1100
1552 2490 1783 2543 praedicari
1800 2489 1972 2543 possit)
1990 2489 2104 2544 Ergo
2121 2505 2266 2532 verum

326 2554 388 2591 est
405 2565 548 2591 omnes
573 2552 602 2592 81
619 2550 808 2605 singulos
826 2549 1017 2590 homines
1037 2564 1126 2590 esse
1144 2550 1311 2600 0100103,
1338 2548 1442 2602 ipsis
1460 2551 1484 2589 a
1502 2548 1669 2589 Christo
1691 2548 1960 2602 impetratam
1983 2549 2264 2602 regeneratio-

326 2609 389 2649 nis
422 2609 617 2663 gratiam,
650 2610 761 2662 ipsos
793 2622 882 2649 esse
915 2607 1006 2648 Deo
1027 2608 1316 2649 reconciliatos
1338 2607 1405 2648 810.
1438 2606 1587 2647 Altera
1604 2606 1708 2647 haec
1723 2610 1798 2647 est.
1832 2606 1951 2654 Quod
1967 2620 2110 2647 omnes
2131 2607 2160 2648 &
2179 2607 2265 2648 sin-

326 2667 415 2721 guli
449 2670 621 2719 possunt
654 2667 788 2707 teneri
820 2666 998 2715 credere,
1019 2666 1138 2720 [pag.
1158 2666 1265 2721 259]
1284 2665 1490 2718 siquidem
1507 2665 1622 2705 Deus
1640 2664 1742 2718 ipsis
1760 2664 1978 2715 revelaret,
1998 2664 2103 2705 illud
2120 2680 2265 2707 verum

327 2727 410 2765 est:
431 2724 511 2765 Sed
533 2739 675 2765 omnes
692 2727 720 2766 81
739 2724 897 2779 singuli
915 2727 1089 2777 possunt
1104 2724 1236 2765 teneri
1257 2725 1437 2774 credere,
1453 2723 1679 2776 (siquidem
1702 2722 1815 2764 Deus
1831 2722 1909 2763 hoc
1925 2722 2028 2775 ipsis
2045 2724 2263 2775 revelaret,

326 2783 449 2823 sicuti
472 2782 714 2823 Abrahamo
750 2784 891 2825 Genes.
920 2782 1007 2835 22.)
1042 2785 1066 2823 a
1098 2797 1141 2823 se
1173 2782 1363 2837 legitime
1381 2797 1500 2836 posse
1519 2797 1566 2823 ac
1583 2781 1733 2822 debere
1751 2780 1880 2822 occidi
1897 2780 2138 2823 innocentes
2155 2783 2264 2824 filios

326 2855 421 2882 31103
444 2843 525 2896 (031
557 2841 667 2881 0111111
698 2841 782 2881 tale
806 2841 1051 2881 mandatnm
1073 2855 1148 2882 sua
1166 2844 1318 2882 natura
1335 2840 1529 2881 omnibus
1547 2839 1773 2881 revelabile
1787 2839 1816 2893 z)
1834 2837 1949 2893 Ergo
1966 2853 2111 2880 verum
2129 2843 2192 2882 est
2211 2841 2264 2882 ab

2072 2899 2265 2942 omnibus
