2399 3084
226 134 532 178 D1sp.VII.
562 136 997 176 Pnossmevrum
1032 150 1092 175 DE
1125 134 1823 178 Mnn1‘roCnn1s'r1l'Ans
1859 137 1932 178 [V.
1968 138 2050 178 ‘209

116 259 146 300 817
162 258 340 312 gloriam
359 261 377 299 P
400 259 517 312 Hesp.
537 257 581 299 Si
600 258 699 311 quid
722 257 941 298 dicendum
959 257 1027 305 sit,
1048 257 1240 298 videntur
1259 257 1446 299 rationes
1474 273 1548 311 pro
1581 260 1660 314 Aff-
1682 261 1705 299 a
1725 259 1945 312 posteriori
1968 260 2051 300 col-

115 316 191 370 ligi
224 330 358 370 posse‚
393 331 442 357 ex
465 331 511 358 eo
535 317 643 370 quod
661 316 767 357 nulli
784 316 939 369 gradus
957 316 1271 356 excellentiores
1290 316 1466 357 actualis
1484 317 1579 357 fidei
1597 318 1626 358 81
1649 317 1885 358 sanctitatis
1904 318 1947 358 in
1970 332 2052 358 uno

115 389 258 415 eorum
281 375 533 428 deprehendi
555 375 699 428 possit,
733 389 859 427 quam
892 374 934 414 in
968 373 1070 416 alio:
1109 374 1137 414 &
1169 377 1469 426 consequenter
1487 375 1603 415 nulla
1620 376 1752 427 major
1769 375 1920 429 gratia,
1940 377 1969 418 &
1987 391 2051 417 se-

117 433 299 473 cundum
317 448 410 474 eam
427 433 678 474 conferenda
695 433 827 485 major
844 432 992 486 gloria.
1027 432 1145 480 Quod
1163 432 1198 472 si
1216 432 1308 484 quis
1328 432 1449 473 malit
1472 433 1513 472 in
1536 433 1671 474 medio
1699 434 1947 488 relinquere,
1967 435 2051 475 uti-

114 505 193 544 que
212 505 292 531 non
316 506 612 545 repugnamus.
647 490 806 532 Saltem
828 505 901 543 pro
919 490 1220 543 inaequalitate
1238 505 1319 530 non
1337 493 1532 543 putamus
1556 492 1917 532 determinandum
1940 507 2050 540 esse;

114 563 207 589 cum
224 550 388 590 nullum
410 548 652 603 Scriptnrae
674 548 975 597 testimonium.
994 548 1109 588 nulla
1128 548 1235 588 ratio
1253 563 1326 601 pro
1350 552 1397 589 011
1414 549 1616 589 hactenus
1634 550 1763 590 allata
1785 550 1853 591 sit.
1869 550 1930 605 [p.
1946 551 2050 604 275]

172 605 216 650 3.
257 607 391 660 Atque
419 608 620 648 hactenus
640 607 875 660 quaesitum
895 606 995 658 quid
1013 606 1205 646 Christus
1224 607 1432 646 salvandis
1451 607 1624 648 meritus
1643 608 1710 648 sit.
1744 607 1905 657 Restat,
1925 623 2050 661 quae-

114 679 255 705 ramus
273 680 325 705 an
345 669 418 706 aut
439 666 538 719 quid
556 665 757 718 reprobis,
776 664 951 717 angelis,
970 664 1051 704 sibi
1068 664 1148 717 ipsi
1167 664 1448 717 acquisiverit.
1469 664 1533 705 Sit
1551 680 1650 719 ergo
1668 665 1802 706 XXII.
1826 667 1960 708 Probl.
1986 667 2051 707 An

117 723 308 776 reprobis
351 724 525 765 meritus
558 724 625 765 sit.
659 723 688 764 81
721 722 863 776 qualia
895 736 941 762 ac
974 725 1132 775 quanta
1146 726 1164 763 P
1202 723 1317 776 Hesp.
1353 724 1541 764 Becanus
1578 732 1731 778 quaest.
1763 723 1816 764 ΙΙ.
1850 739 2051 778 praesup-

113 781 231 834 ponit
265 796 314 822 ex
347 784 375 824 &
408 797 501 822 011111
545 783 723 836 Vasquez
755 781 860 833 disp.
887 780 953 820 77.
987 794 1077 833 cap.
1114 782 1152 820 5.
1191 795 1322 834 aeque
1361 781 1444 822 late
1478 784 1620 834 patere
1638 780 1683 818 τὲ
1700 782 1789 822 dari
1811 782 2051 823 hominibus

114 839 272 892 aliquid
305 854 354 880 ex
389 840 550 880 meritis
583 839 753 886 Christi,
790 840 818 880 81
837 838 1154 892 applicariipsis
1173 839 1322 879 merita
1339 839 1509 880 Christi.
1546 840 1654 880 Idem
1674 849 1825 895 quaest.
1850 842 2050 894 1011110-

113 901 308 950 posuerat
341 913 389 938 ex
422 898 631 938 communi
661 911 864 938 consensu
897 897 977 951 (uti
1010 897 1086 945 ait)
1120 896 1484 946 scholasticorum,
1505 898 1719 939 Christum
1737 899 1946 939 salvandis
1964 914 2051 939 me-

113 955 244 996 ruisse
278 955 380 996 haec
417 956 511 997 tria.
547 957 582 996 1.
616 955 798 1009 gratiam
830 955 1132 1008 justificantem
1178 956 1467 997 remissionem
1509 960 1787 1010 peccatorum.
1821 959 1860 997 2.
1899 956 2050 998 Omnia

114 1014 220 1053 dona
238 1014 414 1067 gratiae.
434 1029 539 1067 quae
559 1016 790 1067 sequuntur
806 1013 985 1066 primam
1004 1013 1185 1067 gratiam
1199 1014 1512 1066 justificantem:
1532 1016 1762 1067 cujusmodi
1780 1018 1877 1055 sunt
1895 1016 2052 1055 auxilia

114 1072 290 1124 gratiae,
324 1073 475 1113 merita
507 1073 712 1113 bonorum
743 1086 929 1125 operum,
961 1074 1235 1125 augmentum
1253 1072 1430 1125 gratiae,
1450 1074 1602 1112 donum
1622 1073 1967 1126 perseverantiae,
1987 1088 2052 1114 re-

114 1130 258 1178 missio
276 1133 539 1183 peccatorum
552 1130 793 1179 venialium⁷
811 1129 1001 1170 remissio
1019 1144 1176 1182 poenae
1194 1131 1450 1183 temporalis.
1471 1132 1508 1171 3
1526 1130 1669 1171 Vitam
1684 1134 1908 1171 aeternam.
1925 1132 2053 1173 Addit

114 1188 269 1228 ibidem
302 1188 507 1242 disputari
538 1189 648 1228 inter
681 1188 931 1228 recentiores
966 1188 1093 1241 (apud
1140 1189 1317 1243 Vasquez
1349 1189 1404 1229 acl
1439 1190 1477 1228 3.
1512 1189 1617 1243 disp.
1645 1190 1711 1229 77.
1733 1203 1820 1243 cap.
1844 1190 1875 1229 1.
1898 1190 1980 1242 cil.)
1999 1204 2052 1230 an

115 1246 315 1286 meruerit
345 1247 649 1299 dispositiones,
684 1246 835 1299 quibus
869 1261 1169 1299 praeparamur
1205 1247 1256 1286 ad
1288 1247 1469 1299 primam
1506 1247 1687 1301 gratiam
1701 1247 2001 1300 justificantem
2023 1248 2052 1288 &

115 1304 404 1345 remissionem
435 1308 714 1358 peccatorum,
748 1304 893 1357 quales
927 1307 1024 1345 sunt
1056 1307 1193 1345 motus
1224 1305 1334 1355 fidei,
1373 1305 1461 1358 spei
1494 1305 1742 1354 dilectionis,
1776 1306 2050 1346 contritionis.

120 1361 407 1410 „Determinat
438 1377 526 1417 cap.
565 1363 629 1403 11.
665 1365 808 1403 contra
845 1362 1097 1403 Calvinistas
1136 1363 1216 1417 (uti
1235 1363 1436 1416 loquitur)
1471 1363 1621 1403 merita
1655 1363 1811 1404 Christi
1849 1364 2052 1417 applicari

124 1421 339 1469 „omnibus
374 1421 528 1462 adultis
559 1436 643 1461 11011
675 1424 842 1461 tantum
875 1421 1214 1473 praedestinatis,
1248 1422 1318 1461 sed
1352 1421 1479 1462 etiam
1507 1422 1719 1474 reprobis:
1754 1422 1925 1475 &paulo
1942 1425 2049 1475 post.

123 1479 183 1527 „2.
220 1480 353 1520 Conel.
390 1480 583 1521 Meritum
617 1480 767 1521 Christi
801 1479 937 1532 reipsa
968 1493 1051 1519 esse
1081 1482 1236 1536 efficax,
1279 1480 1415 1535 quoad
1447 1480 1557 1520 (lona
1589 1480 1746 1533 (frat-iae
1776 1481 1821 1521 in
1854 1480 1930 1520 lule
1965 1481 2050 1523 νῖίῑῑ

123 1537 337 1590 „Denique
376 1538 413 1577 3.
439 1538 572 1579 Conel.
590 1537 686 1579 Non
706 1537 909 1590 applicari
926 1537 1120 1578 omnibus
1139 1538 1384 1591 aequaliter.
1419 1537 1537 1585 Quod
1555 1538 1613 1578 sic
1631 1538 1824 1591 explicat,
1844 1539 1942 1591 quia
1960 1539 2050 1591 qui-

123 1595 322 1642 „bnsdam
339 1596 461 1636 datur
477 1599 642 1636 tantum
660 1596 798 1650 gratia
814 1596 1056 1645 vocationis,
1076 1610 1158 1636 non
1166 1596 1492 1649 justificationis.
1520 1596 1576 1636 Et
1588 1596 1698 1636 inter
1710 1596 1799 1646 hos⁷
1814 1596 1907 1637 aliis
1920 1597 2052 1649 major

123 1653 283 1705 „gratia
317 1653 558 1703 vocationis,
587 1654 680 1694 aliis
697 1653 844 1693 minor.
880 1653 1009 1693 Addit
1027 1668 1150 1706 saepe
1167 1654 1271 1702 fieri,
1296 1657 1342 1694 ut
1359 1654 1431 1707 qui
1447 1655 1649 1707 maiorem
1668 1655 1850 1708 gratiam
1868 1656 2050 1695 vocatio-

123 1710 210 1757 „nis
243 1713 315 1750 aut
327 1711 640 1763 justificationis
658 1711 876 1764 acceperit,
896 1714 942 1751 ea
964 1727 1047 1751 non
1065 1714 1221 1760 utatur,
1246 1712 1318 1765 qui
1340 1713 1558 1761 minorem,
1579 1715 1626 1752 ea
1645 1715 1814 1752 utatur:
1839 1714 1868 1754 ὣ
1886 1715 2052 1753 contra-

123 1768 219 1816 „riiu
254 1767 404 1808 Omnia
421 1772 561 1809 autem
583 1769 656 1809 illa
674 1769 850 1822 pendere
869 1769 1023 1821 partim
1041 1784 1090 1809 ex
1109 1769 1187 1809 Dei
1206 1770 1433 1819 voluntate,
1453 1770 1524 1823 qui
1542 1770 1821 1823 inaequaliter
1838 1771 2052 1811 distribuit

123 1841 264 1874 „suam
297 1827 476 1880 gratiam
511 1829 576 1868 &c.
608 1827 762 1880 partim
797 1841 845 1867 ex
879 1827 1167 1880 cooperatione
1185 1827 1416 1876 hominum,
1437 1828 1509 1881 qui
1527 1828 1592 1868 vel
1610 1831 1813 1881 respuunt
1831 1829 1937 1869 dona
1955 1828 2047 1875 Dei,

123 1885 211 1932 „vel
243 1884 328 1924 illis
360 1885 464 1925 bene
497 1888 685 1925 utuntur.
705 1886 734 1926 &
751 1885 858 1925 alius
875 1885 1036 1938 majori,
1055 1885 1162 1925 alius
1184 1886 1336 1926 minori
1358 1889 1508 1926 conatu
1531 1886 1559 1926 &
1577 1886 1781 1926 industria
1800 1887 1961 1940 (Manli.
1981 1888 2050 1927 25.

118 1943 187 1982 20.
221 1943 250 1983 St
285 1943 303 1982 1
342 1944 431 1984 Cor.
471 1944 510 1983 9.
545 1943 617 1995 24)
650 1942 739 1983 Nos
770 1943 962 1983 omnibus
994 1943 1079 1983 illis
1113 1943 1287 1984 humani
1309 1944 1467 1984 cerebri
1486 1944 1732 1984 commentis
1755 1944 1932 1997 rejectis,
1953 1945 2048 1997 Neq.

117 1999 332 2040 Christum
367 2001 456 2041 vice
489 2002 517 2042 &
550 2001 638 2041 loco
661 2001 989 2041 danmandorum
1006 2004 1208 2054 tanquam
1227 2000 1476 2055 Sponsorem
1494 2002 1523 2042 &
1543 2001 1817 2042 Mediatorem
1839 2003 2048 2055 passivam

117 2060 146 2100 St
163 2058 341 2099 activam
359 2059 640 2099 obedientiam
658 2059 929 2111 praestitisse,
949 2060 977 2100 Sc
995 2059 1052 2100 sic
1069 2059 1172 2112 ipsis
1186 2060 1412 2100 salutarem
1425 2060 1605 2114 gratiam
1620 2060 1839 2114 &gloriam
1852 2060 2048 2101 meritum

117 2131 218 2156 esse.
238 2116 353 2164 Quae
375 2117 514 2157 onmia
537 2117 698 2157 abunde
716 2131 885 2157 excussa
905 2120 1002 2157 sunt
1019 2118 1070 2157 ab
1092 2118 1382 2171 Antagonistis
1400 2118 1583 2171 quinque
1601 2119 1715 2158 artic.
1736 2117 2048 2159 Remonstrant.

118 2176 147 2216 δε
169 2175 393 2215 novissime
411 2178 634 2215 renovatae
657 2175 810 2215 alicubi
828 2175 1033 2228 opinionis
1057 2176 1106 2216 de
1124 2177 1261 2229 gratia
1280 2176 1519 2216 universali.
1555 2175 1854 2218 XXIHstrobl.
1874 2176 2048 2217 Frustra

117 2246 218 2286 ergo
251 2235 425 2286 quaerat
457 2233 563 2286 quis,
603 2233 669 2272 An
702 2233 875 2273 meritus
912 2234 966 2273 sit
998 2234 1184 2286 reprobis
1217 2233 1266 2271 τό
1277 2233 1524 2282 ἀνεκτότερον
1553 2235 1694 2275 Manli.
1718 2236 1781 2274 ll.
1802 2236 1868 2274 22.
1895 2235 1962 2274 24.
1981 2234 2048 2274 An

117 2291 367 2343 temporalia
390 2291 591 2331 beneficia
612 2291 753 2331 Mactlzs.
777 2293 814 2331 5.
836 2305 930 2331 cum
947 2292 1079 2332 Actor.
1103 2293 1169 2332 14.
1189 2291 1255 2331 An
1275 2292 1431 2332 auxilia
1449 2293 1698 2338 communia,
1718 2293 1898 2345 gratiam
1922 2292 2048 2345 repri-

118 2352 314 2398 mentem,
334 2348 596 2390 honestatem
629 2349 806 2398 civilem,
824 2349 1013 2389 hero'i'cos
1030 2352 1180 2399 motus,
1201 2350 1459 2403 agnitionem
1472 2353 1544 2390 aut
1557 2351 1841 2390 (lesensionem
1861 2350 2048 2391 veritatis

118 2408 147 2448 81.
176 2406 403 2456 Ecclesiae,
423 2407 676 2447 charismata
700 2407 828 2448 Malch
861 2407 897 2447 7.
921 2407 1218 2460 Apostolatum
1239 2407 1262 2448 J
1270 2408 1387 2457 udae,
1412 2408 1675 2461 prophetiam
1696 2408 1884 2456 Bileami,
1904 2409 2048 2461 poeni-

117 2465 294 2505 tentiam
314 2464 490 2515 Achabi,
514 2465 758 2505 dilationem
776 2468 848 2505 aut
865 2465 1175 2519 mitigationem
1193 2480 1419 2519 poenarum
1436 2466 1478 2505 in
1497 2466 1574 2506 hac
1596 2466 1694 2515 vita,
1718 2466 1783 2507 810.
1820 2468 1937 2519 Hesp.
1969 2465 2008 2506 N
2013 2467 2047 2506 j„

120 2522 179 2562 hil
196 2522 297 2576 ipsis
314 2523 484 2564 omnino
503 2523 677 2563 meritus
696 2525 770 2570 est,
790 2523 862 2576 qui
878 2526 1079 2576 tanquam
1097 2523 1279 2576 Sponsor
1297 2538 1369 2576 pro
1387 2524 1438 2564 iis
1456 2538 1498 2564 se
1515 2538 1596 2564 non
1610 2524 1776 2572 obtulit,
1794 2539 1876 2565 non
1893 2524 2047 2565 sancti—-

118 2580 270 2631 ficavit‚
289 2595 363 2621 nec
395 2595 470 2634 pro
492 2581 543 2621 iis
561 2581 797 2621 intercessit
819 2584 891 2621 aut
908 2581 1127 2622 intercedit
1145 2583 1151 2636 Ι
1167 2582 1474 2636 1mg.27⁴5].l0l2.
1501 2583 1565 2623 17.
1588 2596 1688 2623 vers.
1712 2583 1777 2622 19.
1796 2582 1934 2623 collat.
1955 2597 2048 2622 011111

118 2637 261 2679 Matth.
290 2639 327 2679 7.
362 2639 431 2680 23.
449 2639 567 2688 Quod
583 2639 635 2679 ad
651 2639 852 2679 nonnulla
873 2639 981 2679 bona
998 2642 1070 2679 aut
1092 2640 1197 2679 dona
1216 2640 1431 2681 recensita.
1451 2643 1655 2692 quatenus
1673 2655 1721 2680 ea
1741 2641 1890 2681 cedunt
1907 2640 1951 2680 in
1973 2640 2047 2680 bo-

67 2741 76 2749 ,
117 2711 218 2736 1111111
250 2696 280 2737 St
312 2697 491 2737 salutem
523 2697 763 2745 electorum,
792 2697 1008 2737 dicendum
1042 2700 1117 2746 set,
1147 2697 1360 2737 Christum
1378 2698 1574 2737 meritum
1592 2713 1680 2738 esse
1698 2713 1744 2738 ea
1762 2699 1839 2738 hoc
1857 2701 2047 2752 respectu

119 2768 200 2795 non
232 2755 431 2808 reprobis,
463 2755 534 2796 sed
567 2754 709 2795 electis
726 2754 826 2804 suis,
845 2769 917 2795 seu
935 2755 1147 2796 Ecclesiae
1165 2770 1277 2795 suae.
1312 2754 1466 2796 xxiv.
1505 2756 1640 2797 Probl.
1664 2756 1758 2797 Huc
1775 2757 1971 2810 pertinet.
1994 2771 2046 2796 an

119 2813 148 2854 &
178 2813 382 2865 quomodo
415 2812 606 2854 Christus
638 2812 692 2852 sit
724 2815 849 2866 caput
881 2813 1068 2853 omnium
1089 2813 1322 2864 hominum,
1346 2814 1472 2854 etiam
1490 2814 1773 2867 reproborum.
1809 2816 1927 2868 Resp.
1950 2816 2046 2867 Neq.

1062 2871 1112 2911 14
1958 2872 2046 2912 Ab·
