2399 3084
325 108 411 151 326
757 106 1838 151 D1sP.XI.DzsABssArnoannsris.

320 236 463 275 autem
482 231 720 288 Religionis
738 232 926 288 (qualem
942 231 1105 273 faciunt
1116 231 1406 285 juramentum
1424 229 1476 270 ad
1494 230 1564 270 22.
1581 244 1619 285 q.
1639 229 1709 271 89.
1726 244 1765 272 a.
1784 230 1843 284 4.)
1860 230 2135 284 prohibendo.
2167 229 2265 273 VII.

318 291 389 334 An
406 291 532 333 liceat
549 306 701 342 serere,
721 306 856 341 arare,
875 293 1048 341 metere,
1067 291 1186 344 Resp.
1207 289 1304 344 Neq.
1324 303 1375 329 ex
1392 291 1543 342 quarto
1560 288 1802 343 Praecepto,
1822 289 1915 331 coll.
1934 304 2030 331 cum
2047 290 2178 332 Eoeod.
2198 290 2266 331 34.

321 351 390 392 21.
425 350 581 392 Contra
612 350 827 392 Pontificii
859 349 1077 392 Casuistae
1110 362 1258 402 operas
1290 347 1468 388 rusticas
1501 348 1746 396 concedunt,
1771 349 1800 390 81
1823 362 1872 389 ex
1890 348 2044 389 nostris
2066 349 2268 391 Danaeas

320 411 464 465 (quem
497 408 621 450 hodie
651 409 843 450 nonnulli
878 407 1128 462 sequuntur)
1147 406 1219 460 qui
1238 405 1393 460 excipit
1409 404 1436 447 J
1440 405 1583 447 udaeis
1600 406 1835 459 prohibitas
1853 406 1996 453 fuisse,
2016 406 2268 449 Christianis

319 482 550 518 concessas,
580 467 759 509 adducta
790 467 886 521 lege
918 465 1186 508 Constantini
1217 464 1263 506 L.
1296 479 1441 505 omnes
1464 463 1507 505 O.
1532 465 1581 505 de
1603 464 1752 515 Feriis,
1777 465 1850 506 ubi
1867 465 1971 506 haec
1988 465 2135 506 verba:
2156 465 2268 508 Ruri

320 533 457 568 tamen
487 526 613 581 posili
643 540 848 581 aqrorum
880 527 1078 576 culturae,
1111 524 1232 567 libere=
1264 523 1508 578 licenterque
1538 524 1791 566 inserviant:
1812 525 2013 580 quoniam
2034 524 2269 580 frequenter

319 585 462 636 evenit,
489 592 534 627 uc
564 598 651 627 non
683 585 766 628 alio
787 585 850 627 die
870 585 1010 639 aptius
1042 585 1254 639 frumenta
1273 582 1398 624 salcis
1419 581 1460 624 ὃς
1475 582 1617 624 vincae
1635 583 1842 625 scrobibus
1859 583 2210 633 cow‘imendentum
2229 582 2269 626 ἃ·

318 658 371 686 ne
386 644 594 686 occasione
610 645 807 686 momenti
819 651 960 699 pereat
977 643 1245 685 commoditas
1261 641 1416 683 coelesti
1428 642 1666 696 provisione
1680 655 1881 684 concessa.
1904 640 1985 683 Sed
2002 656 2085 682 non
2096 656 2268 696 possum

319 702 389 744 hic
415 702 569 745 eximio
597 702 815 758 Theologo
849 703 1056 744 accedere.
1092 701 1250 750 Primo,
1269 699 1368 754 quia
1385 699 1453 740 lex
1469 700 1575 742 haec
1595 700 1714 741 nulla
1729 701 1892 742 ratione
1909 700 2075 751 nititur,
2098 703 2146 742 ut
2160 701 2267 742 bene

319 763 440 803 notat
470 762 702 804 constitutio
731 762 877 804 Leonis
901 761 968 802 54.
986 775 1062 815 per
1084 774 1212 814 quam
1228 759 1367 814 legem
1387 758 1654 800 Constantini
1675 759 1826 801 merito
1843 759 2042 814 castigari
2061 760 2090 802 81
2107 759 2268 801 aboleri

321 820 427 870 vult,
445 835 497 862 ex
512 819 834 870 Jureconsultis,
852 820 1060 862 Hemieus
1081 818 1325 861 Salmatlius
1347 817 1399 858 ad
1419 818 1683 860 Pancirollae
1699 820 1801 860 nove
1816 823 1992 873 reperta,
2011 819 2067 860 tic.
2088 819 2156 859 20.
2175 819 2205 861 81
2218 833 2268 860 ex

322 878 567 934 Theologis,
600 880 811 935 Zepperus
839 880 885 921 ivi
901 880 1126 933 Emplaozac.
1150 878 1304 933 Lequm
1322 877 1614 926 mosaicarum,
1635 877 1700 920 lib.
1721 878 1760 919 4.
1784 891 1871 932 cap.
1892 878 1930 919 9.
1954 877 2028 918 ubi
2043 879 2186 918 tamen
2203 877 2268 918 ni-

323 938 458 980 mium
488 938 598 980 forte
627 938 793 980 videtur
823 938 1010 980 tribuere
1043 935 1424 979 Constitutionibus
1454 936 1555 987 illis,
1588 936 1744 990 quippe
1767 950 1944 990 quorum
1961 936 2005 977 in
2022 935 2126 977 Jure
2144 935 2269 977 Civili

320 998 441 1038 tanta
457 1011 541 1038 non
558 997 614 1039 sit
635 997 853 1041 autoritas.
887 995 1100 1051 Quidquid
1116 995 1171 1036 sit
1189 995 1237 1036 de
1256 993 1484 1036 autoritate
1502 996 1614 1050 apud
1631 994 1659 1036 J
1662 994 1806 1045 CCtos,
1826 997 1986 1036 certum
2004 998 2067 1036 est
2078 995 2268 1036 consulto

321 1055 458 1110 magis
490 1056 702 1097 conditam
732 1056 851 1097 illam
881 1055 1224 1098 constitutionem
1245 1052 1396 1094 Leonis
1419 1068 1548 1108 quam
1565 1053 1844 1095 Constantini.
1877 1053 2004 1095 Nam.
2025 1054 2062 1094 1.
2082 1054 2268 1095 subster-

321 1114 438 1155 nitur
453 1114 553 1156 huic
569 1114 892 1157 fundamentum
909 1114 1079 1161 falsum.
1099 1115 1336 1169 frequenter
1356 1114 1442 1155 scil.
1465 1113 1625 1155 evei‘iire
1636 1129 1650 1163 ;
1667 1121 1714 1155 uc
1731 1126 1818 1154 non
1834 1113 1914 1155 alio
1932 1113 2009 1164 die,
2028 1112 2100 1154 otc.
2125 1113 2165 1153 2.
2183 1111 2269 1153 Lex

323 1173 511 1214 extendit
531 1173 743 1215 indultum
765 1174 879 1215 ultra
897 1188 1040 1215 casum
1056 1171 1332 1220 necessitatis,
1353 1172 1426 1226 qui
1443 1172 1556 1213 solus
1574 1172 1782 1213 rationem
1803 1171 1906 1213 facit
1923 1172 2051 1226 leges.
2085 1170 2268 1213 Univer-

322 1231 469 1274 saliter
486 1233 598 1274 enim
615 1233 804 1274 concedit
822 1233 941 1288 [pag.
969 1232 1104 1287 1263]
1128 1231 1266 1285 operis
1282 1231 1450 1272 rusticis
1470 1231 1661 1285 quamvis
1679 1230 1909 1281 licentiam,
1927 1230 2026 1284 quia
2044 1230 2269 1284 aliquando

323 1305 473 1345 operae
489 1290 588 1333 illae
611 1294 709 1333 sunt
726 1291 1008 1333 necessariae:
1029 1305 1101 1332 cur
1118 1305 1201 1331 non
1223 1289 1317 1343 pari
1329 1290 1425 1344 jure
1443 1290 1631 1331 concedit
1648 1288 1883 1344 promiscue
1901 1288 2116 1330 licentiam
2133 1288 2269 1330 omni-

322 1350 401 1391 bus
426 1350 696 1401 mechanicis,
710 1350 922 1405 judicibus
941 1351 970 1392 81
987 1348 1275 1404 pragmaticis,
1294 1348 1393 1402 quia
1409 1349 1647 1404 frequenter
1663 1349 1806 1400 evenit,
1824 1356 1872 1390 ut
1889 1361 1976 1389 non
1993 1348 2073 1390 alio
2096 1348 2172 1396 die,
2195 1347 2268 1390 cte.

324 1409 364 1449 3.
397 1407 482 1450 Lex
516 1409 704 1451 extendit
733 1409 844 1451 hanc
874 1408 1090 1450 licentiam
1109 1408 1161 1450 ad
1178 1408 1346 1460 quasvis
1363 1422 1514 1462 operas
1530 1407 1797 1458 rusticorum,
1822 1407 1967 1461 quales
1985 1422 2020 1448 e.
2039 1421 2101 1462 gr.
2126 1407 2269 1448 cedere

323 1467 455 1522 ligna,
488 1470 639 1522 putare
662 1469 691 1511 81
708 1469 902 1522 plantare
920 1467 1103 1515 arbores,
1123 1469 1353 1507 stercorare
1371 1481 1509 1521 agros,
1528 1481 1684 1513 occare,
1709 1481 1842 1517 arare,
1861 1465 1994 1507 fossas
2013 1466 2176 1517 ducere,
2193 1465 2267 1506 tri-

323 1528 480 1577 turare,
505 1526 710 1568 cribrare:
730 1541 861 1581 quum
876 1529 1020 1568 tamen
1036 1540 1156 1567 casus
1173 1525 1387 1579 praecisae
1404 1525 1668 1567 necessitatis
1685 1525 1729 1566 in
1751 1525 1838 1566 illis
1859 1524 1920 1565 ita
1937 1525 2075 1566 locum
2091 1539 2175 1565 non
2192 1525 2268 1566 ha-

323 1585 435 1635 beat,
468 1600 516 1627 30
545 1585 589 1626 111
622 1589 809 1627 semente
842 1587 872 1628 81
904 1599 1051 1626 1110330.
1086 1585 1127 1626 4.
1159 1583 1273 1625 Η1110
1304 1587 1551 1638 sequeretur
1572 1587 1660 1625 toto
1684 1598 1807 1634 anno,
1825 1584 1976 1625 saltem
1994 1584 2153 1638 majore
2170 1583 2270 1624 anni

323 1645 443 1698 parte
471 1644 600 1699 (vere,
620 1646 794 1695 aestate,
812 1643 1034 1698 autumna)
1051 1644 1122 1685 vix
1140 1643 1273 1684 ullum
1290 1642 1380 1684 fore
1399 1641 1666 1684 Sabbathum
1683 1642 1902 1698 agricolis:
1924 1646 1952 1681 81
1969 1642 2155 1684 divinam
2172 1656 2269 1696 pro-

323 1702 555 1744 videntiam
587 1718 634 1745 ac
660 1703 973 1758 legislationem
990 1702 1279 1756 imprudenter
1297 1702 1537 1756 spiritualia
1555 1703 1584 1744 81
1605 1702 1858 1756 temporalia
1879 1703 2150 1755 temperasse.
2183 1700 2270 1742 Ve-

324 1760 522 1813 nationis,
555 1764 754 1816 capturae
786 1761 968 1817 piscium
1000 1762 1029 1803 81
1057 1761 1212 1810 avium,
1247 1775 1370 1802 curae
1393 1776 1534 1815 apum,
1553 1775 1708 1802 messes
1725 1760 1887 1810 hordei,
1904 1760 2048 1811 tritici,
2067 1759 2268 1814 pisorum,

324 1819 534 1872 fabarum,
553 1822 618 1864 810.
637 1835 761 1862 curae
775 1821 989 1876 sylvarum
1001 1820 1267 1870 caeduaru1n‚
1281 1834 1500 1875 aggerum,
1514 1818 1737 1871 fossarum,
1750 1819 2025 1874 purgationes
2036 1819 2269 1869 vinearum,

305 1878 574 1928 vindemiae,
607 1894 707 1921 cura
736 1880 827 1934 lupi
859 1879 1077 1930 salictarii,
1110 1878 1324 1929 cannabis,
1359 1878 1578 1933 cespitum,
1598 1878 1754 1932 partim
1773 1878 1857 1919 alia
1880 1878 1975 1919 aliis
1992 1877 2269 1928 succedentia,

326 1937 482 1992 partim
507 1938 631 1980 simul
659 1939 803 1981 euntia
825 1953 969 1981 omnes
992 1937 1092 1979 anni
1108 1940 1383 1992 tempestates
1401 1940 1624 1991 occupant:
1651 1937 1834 1991 exceptis
1856 1939 2037 1982 tantum,
2053 1936 2184 1977 immo
2201 1935 2270 1977 vix

325 1997 540 2039 mensibus
571 1997 787 2051 hybernis.
821 1997 867 2039 Si
882 1997 1088 2048 homines,
1106 2011 1210 2051 quos
1227 2011 1312 2037 una
1329 1996 1473 2050 aliqua
1490 2011 1589 2038 cura
1610 1996 1764 2049 tangit,
1788 1997 2012 2050 propterea
2029 1995 2270 2049 dispensare

326 2058 504 2109 queant3
538 2056 685 2110 quidni
717 2057 788 2098 alii
807 2057 851 2097 in
873 2056 982 2102 aliis,
1005 2056 1048 2096 in
1067 2055 1177 2097 curis
1195 2055 1373 2109 quisque
1391 2055 1491 2096 suis.
1524 2055 1724 2105 Secundo,
1745 2053 1863 2103 Quod
1881 2055 2054 2096 Daneas
2073 2054 2174 2095 dicit
2190 2052 2218 2095 J
2221 2068 2269 2094 u-

327 2114 440 2156 daeis
457 2114 537 2157 hoc
557 2115 829 2157 interdictum
845 2130 929 2157 non
947 2114 1214 2165 Christianis,
1233 2113 1367 2168 gratis
1385 2113 1550 2155 dicitur.
1574 2113 1664 2155 Aut
1683 2113 1794 2154 enim
1813 2115 1876 2154 est
1892 2127 1996 2168 opus
2007 2111 2270 2154 necessitatis

326 2173 575 2226 praesentis,
608 2176 682 2216 aut
712 2189 795 2215 non
814 2176 889 2215 est.
923 2173 969 2215 Si
985 2173 1104 2223 illud,
1118 2173 1207 2227 jam
1229 2172 1402 2214 Judaeis
1419 2172 1499 2213 fuit
1517 2172 1692 2223 licitum,
1714 2174 1782 2227 (ex
1804 2173 1949 2214 Maah.
1977 2173 2042 2212 12.
2066 2172 2162 2214 Luc.
2183 2171 2222 2211 6.
2241 2172 2271 2214 &

330 2231 413 2282 13.)
441 2246 575 2287 aeque
607 2247 655 2274 ac
688 2232 955 2284 Christianis,
987 2247 1040 2274 ne
1073 2232 1162 2274 scil.
1185 2231 1399 2273 occasiane
1416 2231 1620 2273 momenti
1636 2231 1794 2286 periret
1811 2231 2083 2272 commoditas
2101 2229 2272 2272 coelesti

327 2290 563 2344 provisione
595 2306 802 2333 concessa.
835 2291 933 2333 Non
965 2291 1104 2332 minus
1127 2290 1238 2332 enim
1257 2290 1408 2340 (sinon
1427 2290 1583 2345 magis)
1603 2290 1818 2331 attendere
1846 2290 2026 2331 debeant
2056 2289 2270 2330 frumento

328 2363 376 2390 30
407 2350 610 2405 gregibus
642 2350 752 2392 suis:
786 2349 862 2392 Sin
878 2350 970 2399 hoc,
984 2350 1074 2404 jam
1090 2364 1166 2390 nec
1189 2348 1441 2390 Christianis
1462 2349 1582 2390 licet:
1605 2363 1658 2390 ne
1678 2351 1768 2390 toto
1785 2363 1894 2390 anno
1911 2350 2147 2390 metuentes
2164 2349 2269 2388 tem-

328 2411 552 2462 pestatem,
583 2409 628 2450 in
659 2409 798 2460 fidem,
833 2423 965 2463 spem,
995 2409 1198 2462 pietatem
1231 2409 1261 2450 81
1278 2408 1542 2449 devotionem
1559 2410 1744 2462 peccent.
1785 2408 1929 2456 Tertio,
1947 2406 2270 2462 intelligendum

329 2468 471 2508 autem
502 2467 572 2509 hic
604 2482 693 2509 esse
725 2482 868 2509 casum
898 2467 1161 2509 necessitatis
1195 2466 1405 2522 (quamvis
1427 2466 1471 2507 in
1492 2467 1754 2508 conclusione
1771 2465 1880 2521 legis
1902 2466 1996 2520 plus
2013 2466 2068 2507 sit
2084 2479 2211 2519 quam
2227 2464 2272 2505 in

329 2526 602 2579 praemissis),
636 2528 685 2567 ut
716 2526 956 2568 observavit
983 2526 1164 2567 Baldus:
1188 2527 1335 2580 Opera,
1354 2525 1506 2579 inquit,
1526 2533 1664 2567 tamen
1679 2526 1843 2568 ruralia
1863 2539 1913 2567 ex
1933 2525 2163 2566 necessitate
2175 2536 2275 2578 pos-

330 2590 428 2624 sunt
458 2585 668 2638 emplicari.
702 2584 876 2634 Quando
895 2587 1037 2626 autem
1055 2584 1110 2625 sit
1125 2585 1224 2626 talis
1242 2584 1481 2634 necessitas,
1499 2584 1750 2638 praehabito
1768 2583 1941 2625 consilio
1959 2582 2270 2637 Theologorum

331 2642 356 2681 a
387 2639 643 2696 Magistratu
674 2643 755 2684 rite
787 2643 1059 2685 determinari
1092 2643 1281 2692 deberet3
1310 2645 1358 2684 ut
1375 2645 1547 2684 monent
1571 2643 1759 2697 Theoloyi
1773 2642 1943 2697 practici
1963 2642 2085 2683 modo
2109 2640 2270 2683 anobis

331 2698 394 2740 cil.
425 2699 594 2752 Quarto,
613 2700 827 2744 Musteum
843 2702 950 2744 illud
966 2704 1265 2750 commentum,
1284 2704 1308 2742 a
1324 2702 1538 2743 nonnullis
1555 2716 1690 2756 nuper
1706 2701 1750 2742 in
1766 2701 1949 2756 gratiam
1963 2699 2270 2755 profanationis

331 2755 540 2799 Sabbathi
556 2760 781 2814 proditum,
801 2761 911 2815 quod
927 2761 1077 2802 statuit
1093 2759 1120 2802 J
1124 2761 1268 2802 udaeis
1285 2760 1443 2802 factam
1459 2760 1716 2814 peculiarem
1732 2759 2066 2814 promissionem,
2084 2772 2168 2799 non
2180 2757 2269 2800 fore

332 2815 521 2869 pluviam
551 2817 596 2859 in
627 2833 775 2871 messe,
807 2821 931 2862 Levic.
956 2820 1026 2862 26.
1049 2820 1090 2862 4.
1110 2820 1148 2861 5.
1184 2820 1221 2860 1.
1239 2819 1420 2862 Samuel.
1445 2820 1512 2860 12.
1536 2819 1601 2862 17.
1623 2819 1694 2861 18.
1722 2819 1861 2861 Amos.
1879 2817 1918 2858 4.
1945 2817 1982 2859 7.
2016 2816 2269 2859 Christianis

2187 2890 2270 2917 non
