2399 3084
248 117 333 159 174
395 117 539 158 DISP.
572 114 688 157 VII.
722 115 1162 157 PROBLEMATUM
1194 129 1257 156 nn
1289 113 1524 158 Mnairo
1558 115 1812 159 CHRIS'rl
1844 116 1996 159 PARS
2027 115 2060 160 I.

246 259 296 288 ex
312 250 390 286 τῶν
408 239 506 290 πρὸς
521 243 570 295 τὶ,
598 241 626 284 81
643 242 879 295 respectum
897 240 1054 282 habeat
1067 240 1119 281 ad
1135 255 1315 294 poenam
1333 243 1407 282 aut
1424 242 1475 283 ad
1491 242 1741 296 praemium,
1759 242 1884 298 idque
1903 258 1953 284 ex
1966 243 2108 286 debito
2121 258 2196 285 300

247 305 474 348 secundum
503 300 714 354 justitiam
752 301 888 355 (Rom.
924 300 960 341 1.
996 299 1064 340 32.
1100 299 1226 342 Hebr.
1255 300 1321 341 10.
1341 300 1409 341 29.
1444 302 1472 343 81
1495 302 1614 344 Rom.
1634 301 1673 343 4.
1694 300 1767 355 4.),
1787 302 1983 343 distincte
2006 303 2194 344 conside-

245 364 375 406 randa
407 362 502 403 sunt
537 359 578 400 in
611 358 762 400 merito
786 358 957 410 Christi,
975 373 1080 413 opas
1096 359 1358 401 ‘meritorium
1375 358 1415 401 ἃ·
1430 361 1682 414 praemium.
1719 360 1755 401 1.
1794 361 1911 416 Opus
1933 362 2195 404 meritorium

248 423 398 466 Clu-isti
427 428 482 463 esc
513 418 753 461 voluntaria
785 417 825 460 a·
857 418 1156 473 perfectissima
1190 418 1260 460 illa
1291 418 1532 470 obediencia,
1565 434 1647 475 qua
1665 420 1711 461 in
1732 420 1922 462 humana
1940 428 2094 462 natura
2112 421 2195 462 loco

245 490 387 525 nostro
417 493 494 534 pro
527 477 643 519 nobis
676 485 877 533 tanquam
909 477 1096 531 Sponsor
1126 478 1269 519 omnia
1301 477 1462 533 (aliqua
1480 479 1608 519 etiam
1625 493 1701 532 pro
1719 494 1761 520 se
1778 481 1981 533 tanquam
2003 482 2195 520 creatura

246 539 465 582 rationalis
501 536 591 578 Deo
610 536 772 587 subleX,
792 536 840 577 de
858 551 940 590 (100
962 535 1074 576 infra
1097 535 1323 590 videbitur)
1346 538 1562 591 praestitit,
1581 551 1848 593 quaecunque
1866 539 1929 579 lex
1946 538 2060 579 Deia
2077 537 2195 579 nobis

243 599 436 655 exiqebac.
473 597 589 640 Rom.
624 595 663 637 5.
705 595 771 636 19.
803 596 832 637 81
866 596 904 636 8.
929 609 1031 636 vers.
1066 596 1104 635 3.
1139 595 1352 650 Exigebat
1385 598 1527 637 autem
1544 596 1612 637 lex
1628 595 1709 637 Dei
1728 598 1751 637 a
1767 596 1888 637 nobis
1905 597 2194 650 peccatoribus

243 660 386 714 prima
417 670 573 712 poenas
601 654 828 709 condignas
852 654 881 695 81
899 654 1030 695 animi
1048 656 1076 696 81
1094 654 1278 708 corporis
1302 655 1414 710 (vide
1430 654 1509 696 1100
1532 656 1757 709 probatum
1778 655 1822 695 in
1839 655 2060 697 Elemencis
2082 656 2194 697 Cate-

244 718 403 760 chele’cz's
430 716 485 758 ad
516 721 669 770 quaest.
693 713 732 754 9.
755 712 795 755 ἃ
814 714 926 766 11.).·
944 713 1116 763 Deinde,
1136 713 1490 767 perfectissimam
1507 714 1775 755 sanctitatem
1788 715 1817 756 81
1835 714 2192 755 accuratissimam

245 774 619 818 conformationem
642 787 734 814 cum
752 773 846 827 lege
863 772 957 823 Dei,
977 772 1184 826 siquidem
1202 773 1254 813 ad
1271 772 1402 814 vitam
1424 773 1590 828 ingredi
1606 773 1822 814 vellemus,
1856 773 2018 816 Levitae.
2045 773 2111 814 18.
2153 773 2192 814 5.

242 850 336 878 cum
370 835 504 878 Galat.
534 833 574 874 3.
606 833 668 872 12.
690 831 833 874 ΜαίιΙι.
857 832 922 872 19.
947 831 1012 871 17.
1034 830 1152 880 Quod
1171 831 1262 872 vide
1281 832 1451 873 uberius
1475 832 1731 886 explicatum
1752 833 1781 874 81
1799 832 2025 885 probatum
2044 832 2096 873 ad
2116 833 2194 874 Ca-

244 895 366 937 llzech.
397 899 551 950 quaest.
582 891 651 932 62.
683 889 923 944 Utrumque
946 893 1088 931 autem
1106 889 1298 931 Christus
1316 893 1520 945 tanquam
1538 890 1744 932 Mediator
1761 892 1791 933 81
1808 889 1993 945 Sponsor
2014 891 2103 932 1000
2120 905 2195 931 110-

245 956 331 995 stro
363 951 600 1007 praestitit:
635 964 779 991 omnes
803 964 959 1004 poenas
977 949 1274 990 salvandorum
1291 950 1610 1003 quibuscunque
1627 950 1817 1004 ipsorum
1834 949 2015 1004 peccatis
2033 950 2197 991 debitas

244 1012 427 1064 ferendo,
460 1025 544 1052 non
576 1009 744 1064 quidem
775 1008 819 1049 in
852 1008 1001 1062 specie,
1031 1008 1101 1049 sed
1119 1008 1230 1062 quod
1247 1009 1299 1049 ad
1320 1009 1703 1063 compensationem
1721 1010 1750 1051 81
1768 1008 2141 1061 aequivalentiam:
2166 1009 2195 1050 81

244 1086 411 1113 omnem
444 1069 552 1125 legis
579 1068 791 1123 justitiam
810 1083 856 1109 ac
874 1066 1216 1108 conformitatem
1233 1068 1546 1109 accuratissime
1564 1082 1697 1122 usque
1715 1068 1767 1108 ad
1788 1067 2011 1108 minimum
2031 1067 2196 1121 apicem

244 1131 274 1172 81
306 1131 349 1171 111
370 1129 523 1170 habitu
545 1128 574 1170 81
596 1128 640 1168 111
659 1129 768 1176 actu,
793 1127 951 1180 absque
974 1126 1062 1167 ulla
1079 1126 1241 1180 peccati
1258 1129 1332 1167 aut
1349 1126 1535 1168 defectus
1559 1127 1646 1168 sive
1664 1126 1896 1167 habitualis
1915 1125 2000 1167 sive
2018 1126 2195 1167 actualis

245 1189 380 1244 specie
398 1187 626 1242 implendo.
660 1186 766 1229 ιῙθδα.
787 1186 855 1227 53.
875 1186 913 1226 9.
936 1186 975 1226 2.
1002 1185 1184 1227 Corinth.
1205 1185 1244 1228 5.
1272 1186 1341 1226 21.
1368 1186 1487 1227 Hebr.
1509 1186 1546 1226 7.
1566 1185 1633 1226 26.
1654 1184 1855 1234 Quamvis
1879 1185 2123 1238 apparuerit
2152 1185 2195 1226 in

248 1247 525 1289 similitudine
552 1245 688 1287 carnis
706 1244 950 1299 peccatricis
968 1245 1084 1287 Rom.
1105 1244 1142 1285 8.
1164 1245 1202 1285 3.
1223 1246 1251 1286 81
1270 1259 1364 1286 cum
1380 1244 1669 1299 peccatoribus
1688 1246 1905 1298 reputatus
1924 1243 1978 1284 sit
1999 1244 2104 1285 lesa.
2125 1243 2193 1284 53.

245 1306 363 1356 Quod
380 1307 432 1347 ad
448 1305 631 1360 priorem
649 1303 911 1345 obedientiae
934 1306 1099 1357 partem
1117 1306 1160 1343 in
1177 1302 1360 1344 ferendis
1383 1318 1435 1358 po
1443 1303 1528 1344 anis
1546 1306 1826 1357 peccatorum,
1856 1317 1949 1343 eam
1981 1304 2005 1343 a
2027 1302 2194 1344 Christo

245 1368 329 1420 qua
345 1364 552 1420 Sponsore
576 1365 604 1406 &
621 1362 856 1404 Ecclesiam
878 1377 998 1403 suarm
1015 1364 1359 1416 repraesentante
1377 1365 1545 1403 tantum
1576 1361 1826 1416 praestitam
1843 1361 2069 1402 asserimus
2085 1377 2093 1411 3
2112 1376 2195 1402 non

247 1427 388 1466 autem
405 1439 479 1479 pro
498 1438 541 1464 se
564 1424 645 1477 qua
668 1422 838 1463 homine
861 1421 1110 1476 particulari
1127 1421 1170 1461 in
1193 1436 1235 1462 se
1254 1422 1283 1463 81
1305 1421 1496 1462 absolute
1515 1421 1799 1469 considerato;
1830 1420 1984 1474 quippe
2017 1420 2097 1461 hoc
2128 1435 2194 1461 re-

248 1486 393 1538 spectu
409 1483 533 1537 plane
552 1481 805 1522 indebitam:
826 1480 1102 1535 posteriorem
1120 1480 1383 1521 obedientiae
1398 1483 1576 1534 partem,
1595 1494 1688 1521 eam
1705 1482 1727 1520 a
1746 1479 1912 1520 Christo
1931 1480 1960 1521 81
1980 1494 2058 1532 pro
2075 1479 2195 1520 nobis

247 1544 276 1585 &
294 1557 368 1597 pro
387 1541 553 1583 Christo
577 1543 661 1595 qua
678 1539 850 1581 homine
868 1538 948 1580 isto
967 1539 1175 1593 singulari
1192 1554 1264 1580 seu
1283 1541 1365 1592 qua
1382 1542 1574 1580 creatura
1592 1539 1674 1579 ista
1699 1537 1896 1579 rationali
1913 1537 2052 1578 debite
2075 1552 2197 1591 prae—

246 1602 404 1652 stitam,
425 1602 454 1643 81
472 1601 774 1653 consequenter
793 1613 841 1639 ea
860 1598 1096 1652 praemium
1114 1597 1225 1638 vitae
1245 1601 1439 1639 aeternae
1458 1597 1538 1651 ipsi
1556 1597 1824 1651 acquisitum,
1844 1611 1939 1638 cum
1966 1595 2195 1650 Scripturis

247 1659 328 1701 dici
360 1674 480 1714 posse
518 1673 748 1700 censemus.
781 1656 863 1698 Sed
895 1657 1057 1698 diverso
1084 1659 1294 1710 respectu:
1318 1672 1393 1711 pro
1412 1656 1592 1707 Christo,
1612 1658 1820 1709 quatenus
1837 1655 2104 1709 particularis
2123 1670 2196 1697 seu

247 1718 474 1774 singularis
492 1718 564 1758 ille
585 1717 711 1758 110010
730 1719 820 1757 erat
837 1715 923 1770 legi
940 1715 1104 1756 divinae
1124 1716 1349 1769 subjectus,
1370 1716 1541 1769 ejusque
1560 1715 1736 1765 debitor,
1765 1714 1794 1756 81
1813 1714 1981 1768 (101(10111
2000 1729 2050 1755 ex
2068 1717 2193 1755 natu-

246 1778 327 1819 rali
344 1777 594 1819 necessitate
602 1776 710 1830 juris
729 1775 858 1816 divini
876 1774 1175 1824 immutabilis;
1194 1774 1223 1815 81
1241 1778 1449 1828 quatenus
1467 1774 1641 1815 tendens
1665 1774 1717 1814 ad
1733 1773 1991 1828 praemium:
2021 1787 2096 1827 pro
2114 1787 2194 1814 no-

248 1837 327 1888 bis,
346 1838 552 1890 quatenus
572 1834 756 1889 Sponsor
774 1836 877 1885 erat,
897 1834 926 1875 81
948 1833 1136 1874 omnium
1155 1833 1450 1874 salvandorum
1472 1847 1695 1887 personam
1713 1832 1963 1882 sustinebat,
1982 1846 2029 1872 ac
2045 1847 2121 1886 pro
2144 1831 2195 1873 iis

249 1910 416 1936 omnem
445 1894 656 1949 justitiam
690 1893 798 1948 legis
830 1892 1050 1946 implebat,
1080 1907 1207 1946 quam
1242 1892 1307 1933 illi
1324 1892 1499 1946 implere
1516 1906 1599 1932 non
1618 1893 1824 1945 poterant.
1859 1890 1913 1931 II.
1949 1891 2197 1933 Praemium

250 1954 328 1995 hoc
344 1969 480 2008 opere,
504 1955 528 1994 a
545 1952 710 1994 Christo
729 1951 981 2006 acquisitum
1000 1953 1062 1992 est
1084 1951 1331 2002 bimembre,
1351 1951 1565 2002 P‘rimmn,
1599 1950 1773 1991 libertas
1796 1949 1883 1991 scil.
1903 1964 1976 1990 seu
1994 1949 2195 1990 immuni-

249 2015 315 2054 tas
352 2015 376 2054 a
411 2011 571 2067 peccati
603 2011 805 2053 servitute
844 2025 915 2051 300
932 2012 1142 2064 potestate
1162 2010 1190 2050 &
1209 2011 1434 2051 damnante
1457 2010 1485 2051 81
1503 2009 1758 2057 dominante,
1777 2024 1851 2062 pro
1869 2008 1968 2049 solis
1986 2008 2197 2049 salvandis

251 2072 354 2122 scil.,
387 2086 470 2112 non
501 2085 575 2125 pro
608 2070 788 2112 Christo.
825 2070 942 2124 [pag.
982 2068 1089 2124 230]
1114 2069 1284 2120 Deinde,
1299 2070 1382 2124 jus,
1400 2067 1607 2122 possessio
1631 2082 1677 2108 ac
1694 2067 1840 2108 fruitio
1858 2067 1968 2108 vitae
1988 2069 2195 2117 aeternae,

251 2130 280 2172 &
312 2145 387 2184 pro
409 2129 577 2172 Christo
610 2132 813 2183 tanquam
845 2128 1015 2169 homine
1047 2127 1128 2168 isto
1150 2127 1397 2181 particulari
1414 2126 1442 2167 &
1459 2129 1663 2180 tanquam
1685 2126 1820 2180 capite
1839 2125 2146 2175 salvandorum,
2167 2126 2196 2168 81

251 2204 325 2242 pro
357 2188 552 2229 omnibus
585 2187 810 2239 salvandis,
832 2189 1036 2240 tanquam
1063 2187 1263 2227 membris
1286 2187 1384 2227 suis.
1420 2185 1525 2226 Cum
1543 2188 1685 2225 autem
1703 2184 1861 2226 Christi
1878 2184 2077 2225 meritum
2093 2185 2194 2226 dici-

251 2251 320 2288 tur
345 2247 584 2302 satisfactio,
616 2249 736 2288 notat
763 2246 1025 2287 voluntatem
1056 2244 1138 2285 Dei
1171 2247 1195 2285 a
1226 2245 1394 2286 Christo
1422 2258 1512 2285 esse
1529 2243 1749 2297 impletam
1773 2244 1913 2299 (Hebr.
1935 2244 1999 2283 10.
2020 2257 2122 2285 vers.
2139 2243 2195 2297 7.)

252 2309 457 2360 quantum
484 2305 675 2360 justitiae
706 2305 838 2359 ipsius
871 2303 1105 2358 postulanti
1138 2306 1211 2344 aut
1243 2302 1530 2358 expostulanti
1563 2301 1665 2343 satis
1694 2305 1770 2343 est.
1804 2302 1860 2343 Et
1890 2301 1989 2355 quia
2005 2302 2195 2356 specifice

252 2365 355 2406 haec
379 2364 612 2406 satisfactio
631 2364 811 2405 refertur
829 2363 880 2404 ad
898 2362 1099 2413 debitum,
1134 2363 1213 2403 duo
1231 2362 1396 2417 signate
1414 2361 1482 2402 hic
1499 2360 1798 2402 consideranda
1815 2361 1989 2402 veniunt
2007 2360 2194 2401 debitum

253 2424 340 2465 scil.
374 2425 402 2465 81
435 2423 565 2464 (1011111
582 2423 780 2464 exolutio.
819 2424 854 2462 1.
888 2421 1085 2463 Debilwn
1108 2423 1299 2462 nostrum
1321 2435 1420 2476 ergo
1438 2419 1577 2460 Deum
1595 2422 1657 2460 est
1674 2420 1905 2474 geminum,
1931 2433 2012 2473 quo
2030 2419 2195 2474 obliga-2

254 2497 359 2524 mur.
399 2483 537 2524 Unum
565 2481 756 2536 justitiae
790 2481 878 2522 scil.
912 2495 984 2521 seu
1016 2479 1278 2521 obedientiae
1304 2480 1370 2520 vel
1386 2494 1462 2533 per
1478 2493 1552 2519 nos
1570 2479 1636 2519 vel
1653 2493 1727 2532 1101·
1744 2478 1873 2519 alium
1896 2478 2195 2532 praestandum

254 2541 306 2581 ad
330 2541 398 2595 jus
434 2541 544 2581 vitae
578 2540 899 2594 acquirendum:
934 2539 1114 2579 alterum
1146 2553 1305 2592 poenae
1337 2553 1413 2592 per
1434 2552 1508 2578 nos
1532 2537 1597 2578 vel
1614 2552 1688 2591 per
1710 2537 1839 2578 alium
1858 2536 2089 2586 ferendum,
2113 2537 2142 2578 ἃ
2160 2536 2195 2577 31

256 2599 346 2639 fieri
379 2601 531 2652 posset,
566 2599 896 2640 exhauriendum
913 2600 1040 2650 atque
1058 2597 1344 2638 auferendum.
1381 2598 1419 2638 2.
1456 2596 1645 2638 Eoeolutio
1677 2596 1895 2650 utriusque
1915 2595 2045 2636 debiti
2062 2594 2195 2635 nostri

254 2657 508 2711 intelligitur
531 2657 712 2711 propria,
744 2672 827 2698 non
857 2656 1172 2707 catachrestica,
1192 2670 1298 2710 quae
1317 2655 1580 2710 acceptilatio
1599 2654 1679 2695 dici
1697 2655 1825 2704 solet3
1848 2655 1877 2696 81
1894 2655 2196 2707 consequenter

255 2715 487 2756 satisfactio
504 2715 605 2756 haec
621 2716 826 2769 praestita
843 2715 926 2756 fuit
942 2714 1079 2766 factis,
1097 2729 1180 2755 non
1200 2714 1335 2755 verbis
1355 2714 1507 2768 (qualis
1526 2713 1636 2754 inter
1652 2713 1843 2754 homines
1877 2712 2101 2766 aliquando
2119 2712 2193 2752 ob-

255 2773 374 2824 tinet,
399 2788 473 2826 per
500 2772 544 2809 τὲ
577 2775 728 2815 nollem
746 2775 904 2828 factem}
933 2773 964 2828 ;)
984 2773 1013 2814 81
1032 2773 1199 2826 (101(10111
1217 2773 1460 2827 plenissime
1483 2773 1641 2826 absque
1658 2771 1937 2822 conniventia,
1955 2770 2194 2811 dissimula-

256 2833 382 2882 tione,
406 2832 675 2882 relaxatione,
700 2833 808 2884 quod
842 2832 893 2872 ad
925 2831 1176 2885 Sponsorcln
1195 2835 1405 2873 nostrum:
1426 2830 1616 2886 quamvis
1639 2831 1819 2884 primum
1838 2830 1926 2884 ejus
1950 2828 2195 2870 fundamen-

2104 2890 2193 2927 111111
