2399 3084
282 85 428 127 D1s1‘.
462 84 587 126 VII.
621 83 1061 125 Paossnnmivrum
1093 97 1155 122 DE
1187 80 1424 122 Mnavro
1457 80 1710 121 CHRISTI
1744 80 1893 122 PAas
1927 78 1979 121 V.
2015 81 2101 120 215

166 207 424 249 nanitioneni
441 205 741 248 incarnationis
759 205 798 246 in
819 204 1079 258 plenitudine
1098 203 1299 257 temporis
1318 203 1573 257 implendam
1590 222 1598 250 ;
1620 203 1789 256 insuper
1806 203 1967 256 aliquos
1985 206 2103 245 actus

167 265 410 307 Mediatoris
441 264 636 314 obivisse,
669 264 909 317 specialiter
941 262 1283 304 intercessionem
1316 277 1390 315 pro
1423 261 1508 302 suis
1540 263 1638 302 tunc
1662 261 1898 302 viventibus
1916 261 1945 302 &
1964 261 2006 302 in
2024 262 2103 302 fide

165 323 454 373 morientibus,
488 323 560 376 qui
593 325 617 363 a
638 322 764 363 Patre
787 321 868 375 ipsi
886 321 973 362 dati
996 323 1137 361 erant:
1157 320 1198 361 vi
1216 320 1305 361 scil.
1324 319 1464 360 meriti
1482 334 1564 359 non
1588 319 1871 360 antecedentis
1889 321 1962 360 aut
1980 334 2103 373 prae-

165 381 266 430 stiti,
293 382 365 422 sed
381 381 424 421 in
442 381 703 434 plenitudine
722 379 923 433 temporis
940 379 1170 420 certissime
1188 377 1445 431 praestandi.
1479 376 1552 417 IX.
1590 377 1792 419 Problem.
1812 376 1878 417 An
1897 377 1987 431 ipso
2007 380 2103 419 actu

170 439 465 481 exinanitionis
498 438 675 494 (Philip.
709 439 748 479 2.
778 452 880 479 vers.
902 437 962 491 7.)
985 439 1067 490 qua
1083 437 1312 477 humanam
1328 438 1523 476 naturam
1541 435 1750 484 assumsit,
1774 450 1846 476 seu
1862 435 2103 477 incarnatus

168 501 259 539 est?
292 499 410 552 Hesp.
444 496 643 545 Quamvis
676 497 779 537 haec
812 495 1051 536 humiliatio
1074 494 1316 535 incarnandi
1338 493 1588 547 pertinuerit
1606 493 1656 533 ad
1673 493 2011 534 humiliationem
2029 509 2101 535 seu

171 556 469 609 subjectionem
503 570 577 609 pro
606 555 739 605 nobis,
757 555 785 596 &
804 553 931 595 fuerit
947 553 1200 607 principium
1218 567 1265 593 ac
1281 552 1600 593 fundamentum
1617 551 1750 592 omnis
1768 551 1922 602 meriti,
1941 566 1988 593 ac
2005 566 2101 593 con-

167 614 270 655 ditio
301 614 533 655 necessario
566 614 618 654 ad
649 613 690 654 id
722 612 945 666 requisita:
969 626 1052 652 non
1073 610 1242 664 proprie
1260 611 1289 653 &
1307 609 1542 651 formaliter
1559 609 1641 650 fuit
1657 609 1876 650 meritum:
1901 609 1998 662 quia
2020 625 2101 651 non

165 675 255 713 erat
272 672 379 713 actio
401 672 657 712 theandrica.
691 670 741 712 X.
776 671 918 713 Probl.
951 669 1019 711 An
1040 684 1150 710 nunc
1171 669 1215 710 in
1233 669 1359 719 coelo,
1379 670 1452 709 aut
1470 668 1595 708 etiam
1616 670 1709 721 post
1726 667 1835 708 diem
1855 667 1974 722 [pag.
1994 668 2100 723 283]

159 730 306 784 judicii
323 732 525 783 tanquam
542 730 745 770 mediator
768 731 796 771 ἃ
814 743 987 782 sponsor
1004 742 1078 782 pro
1097 727 1217 768 nobis
1233 729 1445 768 mereatur
1458 729 1477 767 ⁴?
1512 727 1628 780 Hesp.
1650 726 1746 780 Ne9v.
1763 728 2000 779 utrumque.
2033 726 2099 767 Ex

164 789 347 830 Johcmn.
384 788 451 830 17.
485 802 522 830 v.
554 788 591 828 5.
613 788 650 828 6.
684 786 794 828 Addi
816 790 958 841 posset
975 787 1078 827 haec
1099 786 1220 835 ratio,
1239 785 1337 838 quia
1354 784 1552 825 meritum
1569 784 1734 837 proprie
1755 784 1891 824 locum
1909 783 2039 825 habet
2060 784 2103 825 in

163 847 244 898 via,
276 861 358 887 non
390 846 433 886 in
465 846 615 900 patria,
649 847 721 887 aut
742 846 785 885 in
806 845 1008 886 termino:
1034 843 1205 899 (Confer
1222 843 1487 885 Sclzolasticos
1504 843 1559 884 ad
1576 844 1615 884 3.
1639 856 1706 897 qu.
1728 842 1794 882 19.
1813 850 1892 883 arc.
1917 842 1974 896 3.)
1997 844 2026 885 &
2043 842 2103 883 sic

162 905 275 946 beati
293 906 323 947 81
341 904 482 958 angeli
503 904 545 944 in
568 904 696 952 coelo,
715 904 905 956 quamvis
925 902 1099 956 perfecti
1118 902 1215 949 sint,
1235 917 1345 942 nunc
1363 916 1444 942 non
1462 903 1689 942 merentur.
1721 899 1922 948 Adamus,
1941 900 1976 941 si
1993 900 2101 941 inte-

163 977 238 1017 ger
268 963 505 1012 mansisset,
528 962 800 1004 &terminum
818 961 1079 1002 obedientiae
1098 960 1403 1013 complevisset,
1424 961 1626 1012 tanquam
1648 958 1783 1000 viator
1799 958 1974 1000 meritus
1996 958 2100 1000 fuis-

162 1023 247 1062 set:
272 1020 526 1061 meritoscil.
545 1020 636 1070 tali,
660 1020 783 1073 quale
800 1019 910 1060 inter
927 1019 1064 1060 Deum
1087 1020 1115 1060 δι
1133 1020 1367 1059 creaturam
1384 1018 1637 1058 intercedere
1655 1019 1806 1071 potest.

220 1077 264 1122 3.
298 1078 370 1119 XI.
407 1079 544 1120 Probl.
577 1078 645 1119 An
681 1077 926 1127 actionibus,
961 1092 1013 1118 an
1047 1091 1144 1117 vero
1175 1076 1513 1130 perpessionibus
1548 1075 1647 1125 suis,
1671 1074 1863 1116 Christus
1880 1075 2048 1129 proprie
2070 1076 2100 1118 81

161 1137 397 1178 formaliter
418 1137 593 1178 meritus
616 1136 671 1177 sit
685 1139 704 1177 t>
737 1137 856 1190 Resp.
874 1136 906 1177 A
913 1139 957 1192 ff
974 1149 1042 1190 pr.
1065 1134 1335 1176 Passionibus
1352 1137 1494 1175 tamen
1510 1133 1713 1174 tribuitur
1730 1134 1806 1174 sub
1824 1133 1897 1174 illo
1915 1133 2098 1182 formali,

162 1198 367 1249 quatenus
385 1196 508 1249 plena
525 1196 554 1237 &
572 1194 757 1249 perfecta
775 1209 869 1235 cuni
886 1194 1122 1235 obedientia
1141 1208 1208 1234 eas
1229 1195 1375 1246 sponte
1393 1192 1521 1233 subiit
1540 1193 1569 1234 &
1591 1191 1832 1233 substinuit.
1852 1192 2096 1246 (secundum

161 1254 419 1295 voluntatem
450 1253 543 1304 Dei,
563 1253 625 1294 cui
647 1268 765 1294 suam
782 1253 1043 1294 voluntatem
1065 1252 1296 1292 humanam
1319 1251 1508 1292 absolute
1526 1250 1714 1304 subjecit.
1741 1250 1910 1292 Heb.10.
1929 1264 1967 1292 v.
1991 1251 2030 1291 8.
2055 1250 2095 1290 9.

165 1313 247 1361 10.)
279 1311 336 1352 Et
368 1312 426 1353 sic
457 1312 660 1366 objective
694 1326 740 1352 ac
773 1326 846 1364 per
878 1310 1258 1352 denominationem
1291 1309 1535 1363 exponenda
1568 1311 1630 1349 est
1653 1308 1831 1362 phrasis,
1850 1308 2097 1352 obedienciae

160 1371 369 1426 passivae:
386 1384 469 1411 non
487 1370 597 1424 quod
613 1369 851 1411 obedientia
869 1369 1095 1410 secundum
1112 1369 1249 1423 legem
1266 1367 1518 1421 praestanda
1537 1366 1771 1407 formaliter
1788 1366 1842 1407 sit
1854 1366 2006 1420 passio,
2025 1367 2096 1408 sed

162 1428 268 1469 actio
284 1443 292 1477 ;
312 1428 468 1482 quippe
490 1429 645 1469 bonum
663 1442 766 1481 opus
784 1442 833 1468 ex
850 1427 1006 1468 virtute
1029 1427 1266 1480 procedens.
1289 1425 1525 1467 Videantur
1542 1424 1803 1466 definitiones
1821 1424 2095 1476 obedientiae,

161 1487 464 1536 observantiae,
483 1486 666 1536 virtutis,
686 1485 935 1535 sanctitatis,
954 1485 1136 1539 pietatis,
1151 1484 1367 1538 religionis
1385 1484 1495 1537 apud
1506 1484 1691 1524 locorum
1702 1483 1985 1524 communium
1997 1483 2095 1524 scri-

161 1547 314 1598 ptores.
347 1544 397 1585 111
418 1545 524 1598 disp.
548 1546 596 1586 de
615 1544 874 1586 Meditatione
896 1543 1144 1598 attingimus
1160 1542 1533 1583 Enthusiastarum
1556 1543 1585 1584 a
1602 1542 1862 1595 quorundam
1879 1541 2096 1582 ecstatico-

160 1618 254 1643 rum
271 1603 647 1656 contemplantium
665 1602 905 1656 opinionem
927 1602 975 1642 de
993 1616 1156 1642 summo
1173 1601 1306 1655 gradu
1323 1600 1700 1653 contemplationis,
1722 1600 1793 1653 qui
1809 1599 1852 1640 in
1869 1614 1984 1640 mera
2000 1614 2096 1653 pas-

161 1661 276 1702 sione
307 1661 573 1702 consisteret:
607 1675 732 1714 quam
771 1662 945 1702 Zwarez·
960 1660 1115 1713 aliique
1137 1659 1387 1700 recentiores
1409 1659 1686 1699 communiter
1707 1658 1736 1699 &
1758 1659 1868 1699 recte
1886 1657 2093 1710 rejiciunt.

161 1718 256 1760 XII.
288 1719 428 1761 Probl.
461 1718 530 1760 An
562 1719 723 1760 actione
744 1719 929 1759 humana
946 1718 1026 1758 sibi
1043 1718 1143 1771 quid
1159 1717 1311 1758 mereri
1328 1717 1541 1770 potuerit?
1574 1717 1691 1770 Hesp.
1724 1715 1786 1756 De
1818 1715 1897 1757 hoc
1928 1715 2094 1757 Schola-

161 1777 249 1818 stz'ci
264 1777 319 1818 ad
338 1778 377 1818 3.
395 1792 463 1833 qu.
488 1778 553 1818 19.
572 1778 688 1818 artic.
708 1777 812 1818 3.Et
830 1777 878 1818 de
902 1791 948 1817 eo
967 1791 1091 1829 supra
1108 1775 1211 1816 satis
1228 1775 1565 1816 determinatum.
1590 1773 1670 1815 Sed
1687 1788 1761 1815 nos
1779 1774 1954 1814 ulterius
1971 1788 2095 1827 quae-

159 1835 302 1879 rimus.
335 1835 403 1876 An
436 1836 600 1876 actione
631 1835 816 1876 humana
847 1834 1032 1888 potuerit
1065 1834 1255 1875 Christus
1278 1833 1429 1874 mereri
1447 1832 1527 1873 sibi
1544 1847 1627 1873 non
1645 1835 1809 1872 tantum
1828 1834 1910 1885 qua
1930 1831 2091 1872 homini

159 1893 378 1948 singulari,
397 1894 469 1935 sed
487 1894 614 1934 etiam
631 1896 714 1947 qua
730 1893 964 1943 mediatori,
982 1893 1110 1934 immo
1128 1893 1157 1934 8ι
1174 1892 1399 1933 secundum
1418 1891 1613 1931 deitatem
1629 1905 1637 1931 :
1657 1891 1691 1931 si
1710 1890 1877 1943 quidem
1889 1889 2093 1931 mediator

159 1954 222 1992 est
253 1953 478 1993 secundum
500 1954 722 2005 utramque
744 1954 952 1993 naturam.
986 1951 1043 1991 Et
1065 1950 1258 1992 distincte
1276 1949 1573 2003 respondemus
1593 1948 1750 1990 Christi
1773 1948 1956 1990 actiones
1973 1947 2094 1989 meri·

159 2010 301 2060 torias,
330 2025 412 2051 non
429 2010 559 2051 fuisse
576 2010 742 2064 proprie
759 2010 964 2050 humanas
983 2009 1053 2050 sed
1070 2008 1348 2056 theandricas,
1367 2010 1464 2048 sunt
1482 2007 1592 2048 enim
1610 2006 1793 2047 actiones
1814 2020 2013 2059 personae
2031 2005 2093 2047 di-

158 2068 292 2119 vinae,
311 2069 340 2110 8ι
363 2068 530 2122 quidem
547 2069 773 2109 secundum
790 2071 1011 2121 utramque
1033 2070 1250 2108 naturam:
1273 2066 1333 2106 ita
1356 2068 1402 2106 ut
1416 2065 1598 2106 nobilius
1616 2066 1644 2107 82
1663 2064 1932 2106 excellentius
1950 2064 2091 2105 meriti

158 2126 391 2179 subjectum
423 2129 495 2167 aut
527 2127 736 2180 objectum
758 2126 988 2181 excogitari
1009 2140 1092 2167 non
1108 2125 1252 2179 possit,
1272 2126 1396 2177 atque
1414 2123 1491 2164 hac
1513 2123 1674 2164 ratione
1696 2123 1774 2164 hoc
1790 2122 1987 2163 meritum
2014 2136 2092 2163 nu-

158 2184 311 2225 merari
342 2185 492 2225 debeat
522 2185 633 2226 inter
664 2199 711 2225 ea
743 2185 895 2238 quibus
917 2184 1031 2225 Deus
1055 2183 1228 2224 meliora
1245 2183 1469 2236 producere
1492 2184 1684 2234 nequeat.
1720 2181 1828 2230 Quid
1846 2183 1987 2221 autem
2009 2180 2089 2221 sibi

158 2257 241 2295 qua
262 2242 481 2283 mediatori
509 2243 683 2284 meritus
701 2243 757 2284 sit
774 2243 999 2284 secundum
1023 2242 1205 2283 divinam
1224 2245 1435 2290 naturam,
1460 2240 1669 2293 explicant
1686 2239 1817 2280 nostri
1835 2253 1885 2279 ex
1906 2238 2089 2280 ιῘοΙιιιηη.

162 2301 226 2341 17.
259 2314 296 2341 υ.
329 2301 367 2341 5.
401 2301 450 2341 (10
464 2297 466 2299 ’
482 2315 590 2342 nova
621 2302 650 2342 &
666 2301 815 2354 majori
832 2300 1113 2354 patefactione
1131 2299 1291 2354 gloriae
1310 2298 1490 2347 deitatis,
1509 2312 1616 2351 quae
1635 2298 1725 2338 velo
1747 2297 1882 2337 carnis
1899 2296 2090 2338 mortalis

158 2359 187 2400 &
219 2359 365 2400 mortis
392 2358 654 2412 passionibus
687 2359 737 2399 ad
761 2362 925 2412 tempus
944 2359 1232 2412 quadantenus
1250 2357 1456 2398 occultata
1478 2356 1629 2397 fuerat.
1662 2355 1769 2395 Vide
1789 2354 2016 2396 Gomarum
2038 2355 2089 2395 ad

160 2417 346 2471 Philipp.
382 2417 420 2457 2.
453 2430 490 2458 υ.
527 2417 568 2462 7.,
598 2417 638 2456 9.
651 2418 740 2471 jam
762 2417 928 2470 saepius
945 2417 1174 2464 laudatum,
1194 2417 1223 2458 81
1240 2414 1380 2456 confer
1402 2415 1534 2455 thesin
1546 2414 1730 2469 praeced.
1745 2412 1879 2466 probb.
1898 2412 1938 2453 4.
1970 2411 2089 2454 XIII.

159 2474 299 2517 Probl.
332 2474 401 2515 An
418 2475 461 2516 in
483 2474 650 2515 Christo
671 2474 829 2516 fuerint
850 2489 972 2516 verae
991 2475 1166 2515 virtutes
1183 2476 1346 2514 creatae
1364 2473 1416 2513 ad
1437 2472 1690 2521 merendum,
1715 2471 1843 2511 etiam
1864 2470 1962 2511 illae
1981 2484 2087 2523 quae

159 2532 386 2586 respiciunt
418 2533 687 2587 superiorem,
721 2535 768 2573 ut
798 2533 961 2587 religiO,
985 2533 1132 2580 oratio,
1151 2531 1383 2580 humilitas,
1402 2530 1541 2579 timor,
1560 2528 1796 2570 obedientia
1810 2531 1829 2569 t>
1861 2529 1979 2583 Hesp.
2002 2529 2083 2584 Alf.

158 2590 215 2631 Et
236 2591 403 2644 quidem
419 2591 622 2639 heroicae,
642 2590 719 2631 hoc
736 2592 812 2640 est,
832 2591 1135 2644 perfectissimo
1152 2590 1296 2631 modo:
1316 2602 1422 2642 quae
1439 2587 1624 2628 fluebant
1643 2589 1666 2627 a
1682 2586 1833 2641 gratia,
1852 2586 1881 2628 &
1899 2586 2087 2640 perficie-

158 2648 260 2690 bant
279 2649 502 2702 potentias.
534 2648 686 2690 Confer
713 2649 976 2690 Scholasticos
992 2649 1047 2690 ad
1065 2649 1104 2689 3.
1122 2662 1190 2703 qa.
1212 2648 1248 2688 7.
1269 2655 1347 2689 art.
1368 2648 1407 2686 2.
1427 2647 1455 2688 Sc
1472 2659 1542 2700 qu.
1562 2646 1630 2686 21.
1664 2644 1778 2693 Quae
1796 2647 1937 2686 autem
1953 2644 2087 2685 virtu-

157 2708 220 2747 tes
252 2707 296 2747 in
326 2708 462 2761 specie
494 2707 661 2749 Christo
678 2706 808 2748 tribui
825 2709 898 2748 aut
919 2721 1002 2748 non
1018 2706 1146 2747 tribui
1168 2706 1285 2761 [pag.
1313 2704 1418 2759 284]
1441 2703 1616 2757 possint,
1634 2703 1726 2744 vide
1743 2703 1842 2743 ibid.
1861 2717 1928 2759 qu.
1951 2703 1987 2744 7.
2007 2710 2085 2744 art.

158 2765 196 2806 3.
230 2778 360 2818 usque
377 2766 429 2807 ad
444 2773 522 2808 arc.
545 2766 611 2806 10.
645 2764 753 2814 Quid
775 2779 848 2806 nos
866 2765 915 2806 de
931 2765 983 2806 iis
1001 2765 1244 2814 sentiamus,
1270 2763 1371 2805 alibi
1390 2761 1570 2803 diximus
1587 2761 1630 2802 in
1647 2761 1753 2815 disp.
1771 2761 1820 2803 de
1835 2761 1912 2803 hae
1927 2768 2082 2816 quaest.

1915 2820 2086 2872 Qualem
