2399 3084
302 77 386 118 350
473 48 477 51 ²
745 74 1811 121 D1sp.XII.DELEGEETE0ANGEL10.

301 201 487 241 velatum
505 199 552 240 de
571 199 772 241 miraculo
789 199 858 243 hic
876 202 904 244 Sc
922 218 1033 245 nunc
1051 201 1221 253 edendO,
1245 203 1319 242 aut
1335 201 1382 243 dc
1403 201 1654 255 quibusdam
1672 204 1796 245 rebus
1814 203 1982 256 futuris,
2001 205 2133 260 deque
2151 220 2247 260 par-

300 258 467 300 ticulari
485 258 626 312 aliqua
645 273 688 299 re
710 258 902 301 facienda
925 265 999 303 aut
1020 260 1254 304 omittenda
1274 261 1322 316 (e.
1346 275 1409 315 gr.
1431 262 1468 301 2.
1489 261 1603 303 Sam.
1625 261 1661 302 7.
1680 276 1714 303 υ.
1739 263 1804 303 13.
1823 263 1956 305 Actor.
1982 264 2006 305 8
2029 278 2066 305 v.
2091 264 2159 305 26.
2179 265 2248 316 29,

301 319 329 360 ἃ
366 317 431 358 16.
472 330 507 357 υ.
544 317 604 365 6.)
638 332 719 357 non
752 319 1006 362 tenebantur
1042 320 1121 361 fide
1155 334 1230 360 sua
1262 319 1305 359 in
1322 319 1427 360 illud
1449 319 1659 374 objectum
1683 323 1779 362 actu
1795 320 1911 372 ferri,
1929 322 2035 364 illud
2051 323 2249 377 recipere,

301 377 421 430 eique
455 390 672 416 assensum
705 391 827 417 suum
859 379 1097 432 applicare3
1127 379 1198 419 sed
1226 377 1363 432 posita
1381 378 1637 420 revelatione
1655 379 1745 433 jam
1763 380 1954 422 absolute
1972 381 2252 430 tenebantur:

301 435 423 476 sicuti
457 437 580 475 antea
617 437 783 476 tantum
814 435 1087 491 hypothetice
1120 437 1149 479 8z
1176 436 1431 492 generaliter
1449 437 1714 487 tenebantur,
1739 438 1774 480 si
1797 439 1884 480 scil.
1909 438 2024 481 Deus
2043 440 2128 481 tale
2150 440 2252 494 quid

300 493 568 548 peculiariter
600 493 701 547 ipsis
734 495 952 547 revelaret,
972 499 1058 548 aut,
1078 496 1353 550 quodcunque
1369 495 1485 537 Deus
1503 496 1609 537 mihi
1626 497 1812 538 revelare
1837 497 2029 549 voluerit,
2047 498 2153 540 illud
2171 499 2252 540 fide

301 553 441 594 divina
458 554 632 606 paratus
652 567 745 593 sum
766 553 963 608 recipere,
983 555 1012 597 &
1032 554 1232 608 recipiam
1251 554 1340 596 sine
1359 554 1446 595 ulla
1466 554 1722 609 exceptione.
1751 555 1855 597 Cum
1873 557 2128 610 particulare
2146 558 2253 599 illud

301 612 563 660 credendum,
583 611 817 653 revelatum
836 616 946 654 esset
965 613 1193 655 Zachariae
1210 614 1306 655 Luc.
1331 614 1368 655 1.
1387 613 1613 655 tenebatur
1630 614 1810 665 credere,
1830 618 1954 656 antea
1970 631 2054 657 non
2075 616 2250 658 teneba-

300 674 381 712 tur.
417 669 533 711 Idem
566 670 786 711 dicendum
814 673 877 712 est
899 672 948 713 de
966 671 1213 726 particulari
1225 672 1300 713 illa
1320 672 1510 722 veritate,
1535 673 1583 713 de
1602 672 1891 714 aedificatione
1908 675 2058 729 templi
2075 690 2149 729 per
2166 674 2250 717 Sa-

300 731 522 779 lomonem,
555 743 638 769 non
670 743 744 783 per
771 729 977 772 Davidem
1006 732 1028 772 2
1052 731 1165 775 Sam.
1186 731 1223 772 7.
1246 730 1437 772 Gonierri
1455 731 1583 773 etiam
1599 734 1740 786 potest
1758 732 1972 774 distinctio
1989 733 2088 775 fidei
2104 733 2148 774 in
2170 734 2250 775 im-

299 788 489 843 plicitam
521 788 551 829 81
585 787 828 841 explicitam
860 803 961 831 sano
994 805 1118 832 seusu
1141 792 1334 843 accepta:
1366 789 1429 831 uti
1446 792 1558 831 recte
1582 805 1675 831 eam
1693 791 1874 845 explicat
1890 791 2081 835 Aine-sius
2103 793 2149 834 in
2165 793 2250 835 Me-

301 848 418 890 (Ιιιίίίι
434 846 502 889 lib.
529 847 565 887 1.
584 860 672 901 cap.
692 847 732 888 3.
2142 861 2145 863 ’

358 905 436 948 III.
473 905 617 962 OhJ'ect.
653 904 960 960 Resipiscentia
978 907 1215 962 Euangelio
1239 907 1518 962 praecipitur:
1542 907 1658 963 Ergo
1676 908 1963 963 Euangelium
1979 909 2109 951 habet
2127 926 2250 964 prae-

300 967 433 1019 cepta.
470 965 586 1019 Hesp.
623 965 660 1004 1,
693 963 738 1005 Si
770 966 864 1006 laxe
892 966 1071 1021 accipias
1104 981 1246 1008 vocem
1284 966 1513 1021 Euangelii
1543 981 1619 1020 pro
1649 969 1736 1008 tota
1758 967 1946 1009 doctrina
1967 969 2157 1018 salutari,
2178 972 2252 1011 aut

301 1024 487 1065 strictius
513 1038 588 1077 pro
617 1023 805 1065 doctrina
827 1025 992 1075 salutis,
1027 1025 1089 1066 uti
1111 1025 1315 1079 peculiari
1347 1026 1468 1066 modo
1504 1040 1551 1066 ea
1575 1025 1816 1079 dispensata
1833 1025 1916 1067 fuit
1933 1042 2008 1080 per
2024 1027 2251 1081 Apostolos

301 1084 378 1124 sub
397 1082 449 1123 N.
475 1081 537 1130 T..
556 1082 818 1124 conceditur:
839 1084 911 1125 sed
929 1084 976 1125 de
996 1084 1073 1125 tali
1090 1084 1328 1139 Euangelio
1347 1084 1518 1125 hicnon
1542 1084 1771 1139 quaeritur.
1806 1083 1881 1126 Sin
1909 1086 2054 1127 stricte
2071 1087 2251 1142 accipias

302 1157 374 1196 pro
396 1142 471 1182 illa
489 1144 607 1195 parte
626 1141 838 1183 doctrinae
857 1143 1068 1192 salutaris,
1088 1158 1195 1196 quae
1229 1143 1366 1196 specie
1400 1144 1429 1186 81
1452 1142 1694 1184 definitione
1717 1144 1828 1198 apud
1846 1143 2067 1200 theologos
2085 1149 2251 1187 nostros

302 1205 325 1242 a
342 1201 435 1256 lege
454 1200 657 1255 distingui
675 1201 799 1242 solet:
819 1202 1010 1243 absolute
1031 1203 1127 1257 Neq.
1148 1202 1177 1244 81
1196 1202 1371 1243 dicimus
1390 1202 1441 1243 ad
1458 1202 1641 1256 primum
1660 1202 1850 1257 decalogi
1868 1207 2140 1258 praeceptum
2158 1220 2251 1247 eam

303 1259 587 1309 referendam3
622 1274 706 1300 non
736 1260 873 1302 minus
906 1275 1031 1315 quam
1063 1261 1389 1316 abnegationem
1421 1261 1554 1302 nostri
1585 1261 1731 1315 ipsius,
1757 1261 2040 1304 sublationem
2057 1263 2203 1315 crucis,
2223 1264 2252 1306 St

302 1319 566 1374 patientiam,
600 1321 745 1359 contra
768 1318 1024 1363 Socinianos.
1048 1319 1410 1370 Remonstrantes,
1441 1319 1628 1373 aliosque
1647 1320 1847 1361 sectarios
1866 1323 1913 1361 eo
1935 1321 2175 1364 referendas
2198 1322 2250 1363 ab

303 1377 544 1419 orthodoxis
561 1378 838 1419 contenditur.
872 1378 928 1419 Et
947 1379 982 1419 si
1005 1379 1076 1432 qui
1095 1379 1249 1420 alicubi
1268 1379 1316 1420 de
1343 1378 1634 1432 resipiscentia
1651 1379 1778 1432 paulo
1807 1378 1931 1420 aliter
1948 1379 2064 1434 loqui
2082 1381 2251 1422 videan-

304 1441 384 1487 tur,
418 1436 542 1477 facile
574 1436 788 1477 conciliari
819 1440 1007 1491 possunt,
1041 1453 1087 1478 ac
1117 1438 1283 1487 debent,
1321 1452 1395 1492 per
1427 1437 1536 1479 vocis
1559 1437 1647 1479 scil.
1682 1438 1902 1492 Eucznyele‘i
1924 1438 2250 1481 distinctionem.

303 1496 422 1552 [pag.
457 1495 533 1550 29]
572 1494 688 1550 Resp.
726 1496 763 1535 2.
799 1494 1120 1550 Resipiscentia,
1144 1496 1207 1537 uti
1235 1499 1258 1537 a
1278 1496 1485 1537 catechesi
1502 1499 1645 1538 nostra
1661 1510 1728 1554 qu.
1751 1497 1819 1538 89.
1840 1497 1908 1538 90.
1928 1498 1956 1539 ἃ
1974 1499 2253 1540 communiter

303 1556 355 1596 ab
388 1553 630 1595 orthodoxis
664 1554 910 1608 explicatur,
944 1555 986 1595 in
1019 1570 1061 1596 se
1100 1555 1284 1597 continet
1312 1558 1430 1596 actus
1461 1555 1555 1596 illos
1579 1556 1608 1597 81
1630 1556 1804 1596 affectus
1822 1570 1954 1597 novae
1972 1559 2188 1599 creaturae
2210 1558 2250 1612 &2

307 1615 396 1655 Cor.
419 1614 455 1654 7.
480 1627 515 1654 υ.
546 1613 605 1654 10.
628 1613 692 1653 11.
711 1613 820 1655 desa.
844 1615 877 1653 1.
900 1628 935 1654 v.
960 1615 1022 1654 16.
1052 1614 1138 1668 17.)
1159 1614 1268 1655 vitae
1289 1614 1580 1659 emendatione
1598 1629 1641 1655 se
1665 1617 1918 1656 exserentes.
1958 1614 2092 1670 Atqui
2109 1616 2145 1657 si
2162 1631 2251 1658 om-

304 1688 377 1714 nes
408 1671 473 1712 illi
500 1671 754 1712 mandantur
785 1672 1037 1727 Euangelio‚
1072 1674 1100 1715 a
1132 1688 1213 1714 non
1242 1673 1357 1728 lege;
1377 1672 1477 1726 quid
1494 1675 1586 1713 tum
1603 1673 1867 1727 relinquetur
1884 1673 2002 1729 legi?
2020 1675 2154 1722 Addo,
2173 1675 2253 1717 hac

303 1731 464 1773 ratione
482 1730 611 1771 etiam
633 1730 853 1772 caritatem
871 1745 972 1785 erga
989 1731 1127 1772 Deum
1149 1733 1177 1774 &
1200 1732 1439 1786 proximum
1462 1731 1597 1786 alege
1621 1732 1672 1772 ad
1689 1732 1969 1786 Euangelium
1994 1733 2250 1775 transferen-

305 1791 422 1832 dam:
457 1789 795 1844 quandoquidem
821 1790 885 1831 illi
904 1790 975 1844 qui
994 1790 1216 1832 admittere
1236 1791 1442 1841 videntur,
1471 1790 1595 1831 fidem
1613 1791 1643 1832 &r
1664 1790 1996 1844 resipiscentiam
2014 1792 2252 1847 Euangelio

306 1848 547 1903 praescribi,
573 1847 602 1889 81
635 1863 718 1889 non
749 1848 856 1903 lege,
889 1849 1030 1900 iidem,
1059 1849 1333 1903 inquam,-illi
1353 1849 1480 1891 etiam
1502 1849 1736 1900 caritatem,
1754 1864 1829 1903 per
1845 1863 1973 1903 quam
1990 1851 2091 1892 fides
2110 1851 2204 1893 viva
2222 1853 2251 1894 δῦ

305 1908 535 1963 justificans
574 1906 723 1948 efficax
755 1910 831 1958 est,
867 1908 1095 1949 conditioni
1117 1908 1226 1958 fidei,
1257 1923 1380 1962 quam
1406 1908 1472 1949 lex
1490 1908 1677 1962 postulat
1695 1909 1724 1950 &
1741 1907 1990 1962 praescribit
2007 1910 2088 1965 (uti
2105 1924 2250 1952 conce-

305 1968 400 2009 dere
435 1965 644 2020 videntur)
675 1966 847 2017 includi,
880 1966 1008 2008 immo
1046 1968 1075 2009 ἃ
1101 1966 1429 2021 resipiscentiae,
1449 1966 1672 2008 admittere
1689 1969 1909 2022 coguntur.
1928 1966 2018 2009 Nos
2035 1983 2118 2009 non
2137 1969 2251 2010 vide-

306 2041 411 2075 111113,
430 2025 637 2079 quomodo
658 2026 850 2066 accurate
867 2026 895 2067 81
913 2028 1006 2067 tuto
1024 2041 1162 2077 causa,
1181 2028 1325 2067 contra
1343 2025 1540 2067 sectarios
1556 2040 1686 2079 usque
1705 2026 1757 2070 ad
1774 2025 1899 2068 finem
1917 2026 2085 2068 defendi
2101 2030 2250 2081 queat3

305 2084 512 2140 siquidem
533 2085 700 2124 tantum
717 2083 802 2125 illis
821 2085 1082 2126 concedatur.

366 2143 440 2185 IV.
478 2142 624 2197 Ohjeec.
659 2141 813 2184 Contra
835 2143 944 2196 quod
966 2144 1288 2184 committuntur
1305 2146 1487 2198 peccata,
1523 2143 1626 2184 illud
1660 2142 1856 2197 prohibet
1873 2146 2057 2198 peccata,
2076 2145 2105 2187 &
2123 2159 2249 2199 oppo-

307 2204 409 2244 sitas
446 2202 624 2242 virtutes
657 2201 873 2256 praecipit.
916 2200 998 2243 Sed
1030 2205 1174 2244 contra
1211 2202 1494 2257 Euangelium
1533 2202 1853 2243 committuntur
1889 2205 2074 2257 peccata.
2121 2203 2250 2259 Ergo.

307 2261 447 2303 Minor
463 2260 627 2301 videtur
645 2259 849 2301 affirmari
867 2262 891 2301 a
910 2261 1034 2301 variis
1058 2260 1288 2315 Theologis
1311 2261 1518 2315 practicis.
1553 2259 1663 2309 Quin
1695 2261 1724 2302 81
1752 2261 1927 2316 liturgia
1944 2264 2087 2303 nostra
2104 2262 2148 2303 in
2164 2262 2251 2303 for-

310 2321 435 2371 mula,
474 2319 522 2359 de
556 2319 845 2360 benedictione
872 2319 1131 2361 matrimonii
1150 2320 1315 2361 videtur
1338 2322 1561 2374 praecepta
1584 2320 1633 2360 de
1651 2319 1809 2361 mutuis
1833 2319 1983 2361 officiis
2006 2321 2251 2376 conjugato-

308 2394 401 2421 rum
423 2377 661 2432 Euangelio
678 2377 863 2419 tribuere
883 2380 901 2419 Ρ
931 2379 1046 2433 Hesp.
1072 2381 1144 2420 aut
1165 2378 1394 2434 Euangelii
1413 2393 1555 2420 vocem
1571 2378 1666 2419 laxe
1679 2375 1890 2432 accipiunt
1907 2393 1915 2420 :
1948 2382 2022 2421 aut
2040 2379 2075 2420 si
2092 2379 2250 2432 stricte,

304 2440 392 2493 jam
426 2436 711 2491 Euangelium
742 2451 824 2477 non
856 2435 1019 2478 faciunt
1041 2452 1233 2478 normam
1255 2437 1497 2491 quorumvis
1516 2438 1721 2478 bonorum
1738 2452 1912 2491 operum
1929 2437 1974 2479 in
1990 2437 2251 2493 particulari,

309 2511 382 2538 seu
404 2497 541 2550 legem
560 2497 878 2549 praeceptorum
901 2496 1106 2550 (alioquin
1123 2497 1239 2538 nulla
1261 2496 1347 2537 Lex
1364 2498 1601 2537 remaneret
1622 2496 1674 2537 ab
1693 2495 1930 2550 Euangelio
1949 2496 2159 2546 distincta,
2179 2497 2252 2538 sed

310 2558 399 2597 tota
417 2556 525 2595 esset
542 2554 883 2607 supervacanea,)
902 2554 973 2595 sed
990 2554 1151 2596 faciunt
1171 2558 1243 2596 aut
1260 2555 1470 2609 objectum
1488 2555 1657 2596 virtutis
1678 2557 1940 2609 praeceptae,
1959 2558 2032 2596 aut
2049 2555 2251 2597 excitato-

310 2614 433 2663 rimn,
453 2614 481 2654 a
502 2613 697 2653 motivam
722 2627 793 2653 seu
816 2612 1022 2654 rationem
1039 2617 1300 2662 moventem3
1320 2615 1348 2656 &
1366 2613 1424 2654 sic
1446 2612 1620 2667 practici
1632 2613 1910 2655 communiter
1941 2613 1983 2654 in
2002 2614 2180 2655 materia
2201 2613 2251 2655 de

310 2671 431 2726 praxi
449 2670 759 2724 resipiscentiae
782 2671 810 2712 Sa
829 2672 1147 2723 emendationis,
1167 2672 1361 2714 distincte
1379 2672 1582 2713 adhibent
1602 2673 1752 2714 motiva
1772 2672 2034 2726 Ειιαηῃθίἰοα,
2052 2673 2082 2715 81
2102 2672 2250 2715 motiva

312 2730 472 2785 leqalc‘a.
506 2728 661 2770 Vocem
694 2732 835 2771 autem
865 2738 1010 2772 contra
1041 2746 1123 2772 non
1141 2733 1308 2772 tantum
1325 2745 1516 2772 normam
1535 2732 1564 2773 a
1582 2732 1721 2787 legem
1737 2730 2094 2784 praescribentem
2115 2731 2250 2785 respi-

313 2803 418 2839 cere,
431 2787 501 2827 sed
515 2788 543 2829 ἃ
556 2787 763 2839 objectum
777 2803 847 2829 seu
862 2789 1083 2830 materiam
1097 2789 1138 2830 111
1153 2805 1176 2843 q
1183 2792 1234 2831 ua
1247 2792 1319 2831 aut
1332 2789 1440 2831 circa
1453 2805 1578 2843 quam
1590 2790 1747 2831 bonum
1759 2803 1864 2843 opus
1876 2789 1969 2844 lege
1979 2792 2250 2844 praeceptum

2135 2862 2254 2891 exer-
