2399 3084
261 144 341 186 192
389 139 677 187 D1sp.VII.
711 138 1156 180 PROBLEMATUM
1188 151 1251 178 DE
1283 134 1516 178 MERITO
1550 134 1804 178 CHRISTI
1840 133 1986 179 PARS
2018 134 2084 179 II.

258 282 333 323 pro
352 266 450 308 solis
468 263 677 305 salvandis
700 264 926 313 mortuum,
945 261 1082 315 iisque
1099 261 1299 302 meritum
1317 275 1406 302 esse
1421 276 1430 310 3
1463 275 1539 314 pro
1557 260 1730 314 reliquis
1747 275 1823 302 nec
1841 260 2112 312 sufficienter,
2129 276 2205 303 nec

256 325 482 369 efficaciter
508 324 721 363 mortuum
756 336 857 371 0330,
891 320 1046 375 quippe
1068 320 1185 361 nullo
1207 319 1329 361 modo
1347 334 1422 373 pro
1445 318 1494 360 iis
1513 321 1727 361 mortuum
1743 335 1752 369 ;
1769 320 1962 374 nihilque
1984 321 2074 362 1000
2090 320 2204 375 ipso-

256 401 348 428 rum
367 383 564 425 meritum
583 396 685 431 esse,
704 379 858 434 quippe
882 379 954 433 qui
977 380 1085 421 vices
1104 394 1248 420 eorum
1265 379 1383 419 00110
1400 378 1443 418 111
1461 393 1504 419 10
1523 378 1785 429 sustinuerit,
1803 393 1880 420 nec
1898 394 1948 420 ex
1965 379 2201 421 intentione

257 444 337 486 Dei
367 442 469 497 ipsis
508 441 628 481 datus
652 439 852 493 Sponsor,
890 453 966 480 nec
996 437 1061 479 illi
1092 437 1277 480 vicissim
1299 437 1382 491 ipsi
1409 436 1496 478 dati
1513 437 1610 478 sint.
1646 436 1782 486 Quam
1798 438 2052 480 sententiam
2069 439 2204 481 solide

258 503 453 545 evincunt
474 499 679 550 Amesius,
703 499 731 540 81
751 498 960 540 Gomarzis
983 512 1110 551 supra
1128 496 1301 547 laudati,
1335 495 1492 549 aliique
1515 494 1922 548 Remonstrantium,
1940 497 2205 540 Lutherano-

258 577 364 613 rum,
392 562 422 603 81
453 573 585 600 novae
617 557 806 599 methodi
827 556 1132 611 Antayonistae.
1166 555 1274 597 Vide
1298 555 1552 598 Piscatorem
1574 555 1619 596 in
1644 554 1850 605 Thesibms,
1884 556 1913 598 81
1943 564 2084 599 contra
2112 558 2206 601 Vor-

257 622 399 671 seium,
437 617 668 672 Altinyiiim
707 616 750 657 in
774 615 1038 671 problematis
1058 629 1100 669 p.
1126 615 1223 656 174.
1242 615 1271 656 81
1294 614 1337 655 in
1360 614 1528 667 Eoeeqesi
1542 613 1810 668 1411903100αο
1825 615 2094 668 confessionis
2108 630 2206 673 paq.

260 681 357 721 226.
390 680 419 721 81
453 678 497 718 in
533 675 689 732 syllabo
711 682 957 717 controvers.
981 674 1257 717 Lmheranar.
1272 687 1369 728 paq.
1390 673 1487 713 237.
1524 671 1753 715 Getisiiram
1772 674 1951 727 Profess.
1969 675 2152 718 Leidens.
2177 678 2207 720 81

259 736 576 792 Antapoloyiam
609 734 741 777 Isaaci
768 733 889 776 sutili
919 747 1007 788 cap.
1037 734 1075 773 9.
1112 734 1262 775 Bezam,
1294 732 1339 773 in
1369 732 1509 786 colloq.
1549 731 1936 786 Mompelqardensi.
1957 733 2150 777 Eandem
2173 737 2202 778 81

261 800 425 854 Fayiim
459 796 505 837 in
537 795 675 849 dispp.
712 791 905 834 Genevae
938 792 1060 833 editis
1081 806 1189 833 anno
1215 790 1340 832 1591.
1365 805 1462 845 pag.
1484 790 1580 831 129.
1607 790 1811 832 Twissiim
1829 791 1873 832 in
1900 791 2090 834 Vindices
2104 808 2205 850 paq.

262 858 359 897 230.
393 854 465 897 810.
500 852 792 896 Combachium
815 851 859 893 ιή
890 851 997 905 disp.
1031 851 1077 892 in
1109 851 1247 893 schola
1279 848 1662 893 Bremensihabita
1684 847 1808 890 Anno
1830 849 1953 891 1642.
1974 851 2080 904 prid.
2104 852 2200 895 Kal.

262 915 379 969 Maji,
397 914 446 956 de
458 912 693 967 praecipuis
711 910 1008 961 controversiis,
1029 924 1135 964 quae
1152 909 1277 951 hodie
1296 908 1339 949 in
1361 907 1551 949 Ecclesia
1569 907 1801 962 agitantur.
1817 909 1933 962 Resp.
1950 910 2093 952 Reinli.
2110 913 2210 954 Goe-

265 975 363 1017 belio
374 989 389 1023 ;
425 971 726 1026 Spanlzemium
755 969 802 1011 in
823 977 997 1025 utroque
1013 969 1164 1023 scripto
1181 968 1382 1010 adversus
1398 967 1690 1023 Ainyraldimn.
1725 967 1764 1007 3.
1798 967 1905 1009 Sim!
1922 968 2051 1009 etiam
2071 984 2122 1011 ex
2138 985 2210 1011 no-

266 1033 376 1084 stris,
395 1031 467 1086 qui
485 1029 752 1072 distinctione
772 1028 963 1069 adhibita
991 1027 1221 1069 admittunt
1238 1026 1537 1068 sufficientiam
1553 1025 1695 1066 meriti
1712 1040 1785 1067 seu
1802 1026 1950 1067 mortis
1970 1027 2089 1082 [pag.
2109 1027 2211 1085 253]

267 1091 438 1138 Christi,
475 1090 547 1131 sed
582 1090 743 1143 negant
780 1085 1034 1129 efficaciam:
1070 1086 1143 1127 alii
1180 1085 1324 1126 durius
1353 1086 1381 1127 81
1404 1084 1541 1139 magis
1577 1083 1825 1132 ἂκυρσλὲγως
1841 1087 2083 1137 00000110111,
2103 1102 2212 1138 0010,

267 1150 525 1192 sufficienter
561 1162 636 1202 pro
667 1146 862 1188 omnibus
896 1145 1024 1187 etiam
1056 1145 1246 1199 reprobis
1274 1146 1501 1194 mortuum,
1535 1143 1607 1185 3011
1641 1143 1868 1184 efficaciter
1885 1159 1958 1185 seu
1980 1144 2212 1188 efficienter

265 1212 432 1251 tantum
449 1222 523 1262 pro
542 1206 698 1248 electis.
712 1204 834 1246 Hanc
851 1204 1163 1246 distinctionem
1179 1206 1383 1257 tanquam
1400 1216 1665 1244 communem
1683 1201 2039 1244 Scliolasticorum
2056 1206 2085 1247 81
2104 1204 2213 1246 Ρο11-

266 1268 494 1310 tificiorum
527 1265 607 1322 (uti
639 1279 730 1306 eam
759 1263 950 1318 agnoscit
967 1263 996 1305 81
1015 1263 1166 1305 acriter
1183 1262 1368 1303 defendit
1384 1262 1593 1303 Jollamles
1611 1261 1778 1304 Paulus
1811 1261 1997 1313 Windelc,
2015 1277 2103 1318 cap.
2126 1263 2211 1317 14.)

269 1329 380 1370 Beza
393 1327 463 1368 loc.
482 1325 546 1367 cit.
564 1322 822 1372 ἁκυρολογίκς
844 1322 999 1377 arguit,
1019 1321 1285 1363 distinctione
1304 1320 1508 1362 adhibita.
1526 1319 1717 1362 Eandem
1739 1320 1986 1375 Auqastino,
2007 1322 2215 1377 Prospero

269 1385 516 1435 Lombardo,
556 1383 746 1431 Thomae,
773 1382 955 1432 Calvino,
989 1380 1273 1431 Kimedoneio,
1309 1381 1453 1430 Pareo,
1482 1381 1604 1435 (quos
1636 1379 1739 1420 citat
1768 1379 1925 1420 ibidem
1941 1380 2167 1436 Aieinyizis)
2185 1382 2215 1424 81

272 1445 445 1487 Molineo
461 1443 507 1484 in
529 1443 728 1486 Anacome
742 1440 1067 1483 Arminicmismi
1083 1453 1172 1494 cap.
1191 1440 1260 1480 24.
1279 1441 1538 1492 usurpatam,
1557 1438 1612 1480 D.
1635 1438 1839 1493 Alcinyius
1856 1439 1927 1481 loc.
1945 1439 2008 1481 cic.
2032 1440 2214 1494 benigne

273 1503 468 1558 explicat,
502 1501 693 1543 adhibita
724 1499 992 1541 distinctione
1009 1498 1148 1547 λύτρου
1166 1496 1325 1539 Christi
1346 1497 1389 1537 111
1407 1512 1450 1538 30
1468 1500 1594 1550 atque
1617 1497 1822 1548 absolute,
1840 1499 1914 1538 aut
1932 1499 2064 1540 relate
2082 1497 2216 1540 00031-

273 1561 430 1611 derati3
463 1561 566 1602 item
584 1558 863 1601 sufficientiae
881 1557 1028 1598 mortis
1047 1556 1204 1598 Christi
1221 1555 1265 1596 in
1292 1555 1568 1609 potentialem
1584 1556 1613 1598 81
1631 1556 1852 1596 actualem.
1875 1554 1992 1604 Quae
2009 1556 2215 1611 posterior

274 1619 486 1662 distinctio
509 1619 609 1660 huic
641 1617 811 1672 negotio
854 1616 1004 1658 melius
1039 1616 1243 1670 quadrare
1277 1614 1454 1656 videtur.
1474 1613 1783 1655 Sufficientiam
1801 1614 2125 1668 aptitudinalem
2143 1630 2216 1657 seu

273 1679 548 1734 potentialem
566 1677 625 1719 310
641 1675 963 1731 intelligendam
995 1674 1024 1716 81
1057 1673 1348 1729 explicandam
1370 1676 1484 1727 puto,
1507 1675 1554 1714 ut
1571 1688 1654 1714 non
1671 1673 1833 1714 dicatur
1851 1676 1947 1715 actu
1965 1689 2054 1716 esse
2072 1673 2215 1716 obedi-

275 1739 388 1780 entia
419 1739 449 1780 &
481 1751 592 1778 mors
625 1735 784 1777 Christi
817 1733 1065 1785 satisfactio,
1090 1734 1263 1782 lutrum‚
1284 1732 1495 1783 meritum,
1513 1732 1707 1773 omnibus
1725 1731 1945 1786 8131030113
1962 1733 2215 1788 praestitum

276 1800 338 1839 est
361 1797 472 1838 enim
503 1796 548 1833 τό
569 1793 675 1843 δέτι,
712 1794 940 1848 singulare,
972 1792 1002 1834 81
1029 1792 1146 1846 cujus
1164 1790 1346 1833 essentia
1363 1790 1592 1846 singularis
1610 1793 1737 1844 atque
1755 1791 1932 1832 actualis
1950 1791 1993 1833 in
2012 1792 2215 1834 relatione

275 1855 466 1898 consistit
497 1855 550 1896 ad
583 1867 706 1894 suum
737 1852 1003 1903 correlatum,
1037 1851 1247 1892 debitores
1279 1849 1368 1891 scil.
1391 1849 1501 1901 illos,
1534 1863 1610 1904 pro
1628 1849 1781 1902 quibus
1803 1851 1850 1890 ut
1872 1849 2057 1904 Sponsor
2074 1864 2217 1892 eorum

276 1913 517 1970 persolvit);
552 1912 623 1954 sed
645 1911 756 1966 quod
774 1910 981 1965 potuisset
998 1925 1087 1952 esse
1105 1908 1318 1951 sufficiens
1340 1923 1415 1963 pro
1438 1908 1633 1950 omnibus
1660 1908 1689 1949 81
1711 1908 1905 1963 singulis,
1923 1909 1959 1951 si
1975 1908 2091 1950 Deus
2112 1908 2217 1950 illud

276 1989 350 2028 pro
381 1973 434 2014 iis
461 1973 572 2021 dare,
605 1971 635 2013 81
667 1969 860 2012 Christus
882 1984 958 2024 pro
979 1969 1031 2010 iis
1050 1970 1078 2012 81
1101 1969 1190 2010 1000
1208 1982 1353 2009 eorum
1369 1970 1585 2021 praestare
1603 1967 1817 2008 voluisset.
1851 1966 1901 2008 In
1919 1967 2077 2010 Christi
2100 1966 2217 2009 vadi-

275 2032 428 2083 monio,
458 2032 583 2080 lutro,
617 2030 646 2072 81
678 2029 843 2080 merito,
860 2043 944 2069 non
967 2030 1030 2069 est
1052 2031 1148 2069 actu
1165 2026 1355 2081 potentia
1372 2041 1419 2067 00
1436 2025 1735 2078 indifferentia,
1753 2026 1888 2079 qualis
1907 2029 1930 2068 a
1947 2025 2218 2080 Philosophis

276 2090 478 2132 statuitur
494 2090 537 2131 in
560 2088 738 2130 materia
757 2088 893 2141 prima
916 2087 968 2128 ad
984 2101 1127 2128 omnes
1145 2085 1325 2127 formas:
1360 2085 1544 2126 minime.
1579 2083 1687 2126 Sunt
1705 2085 1816 2125 enim
1839 2085 1903 2126 illi
1925 2085 2054 2126 datia
2076 2084 2217 2137 Patre,

278 2164 422 2192 omnes
452 2147 697 2198 redimendi,
728 2147 757 2188 81
788 2147 861 2188 1110
882 2146 1068 2187 vicissim
1094 2145 1145 2186 iis
1164 2145 1300 2186 110103.
1332 2143 1381 2185 In
1404 2143 1542 2198 rigore
1561 2157 1661 2198 ergo
1684 2143 1719 2184 si
1737 2144 1973 2197 loquamur,
1996 2143 2218 2185 admodum

278 2207 505 2262 improprie
523 2207 552 2249 81
569 2206 708 2247 minus
725 2206 916 2247 accurate
932 2204 1206 2258 respondetur
1224 2203 1276 2244 011
1294 2202 1584 2257 quaestionem
1616 2202 1889 2256 propositam,
1909 2202 2125 2244 Christum
2142 2215 2218 2256 pro

279 2266 486 2317 omnibus,
508 2266 588 2307 hoc
606 2267 668 2306 est
690 2264 818 2305 etiam
834 2278 909 2318 pro
928 2263 1188 2313 damnandis,
1212 2261 1240 2302 81
1258 2263 1358 2302 tunc
1377 2262 1472 2302 actu
1490 2260 1711 2311 damnatis,
1735 2263 1939 2316 tanquam
1962 2260 2218 2315 Sponsorem

281 2340 423 2366 eorum
449 2325 538 2366 vice
570 2325 600 2367 81
631 2324 721 2364 1000
754 2323 941 2377 ipsorum
978 2324 1205 2372 mortuum,
1239 2320 1269 2362 81
1286 2321 1587 2374 consequenter
1604 2320 1815 2361 meritum.
1834 2319 1969 2361 Immo
1987 2318 2218 2362 contradic-

279 2384 434 2425 tionem
459 2383 649 2437 implicat
671 2381 746 2422 illa
774 2381 1002 2432 distinctio,
1024 2395 1100 2434 pro
1132 2379 1326 2420 omnibus
1349 2378 1619 2429 sufficienter,
1652 2393 1728 2432 pro
1756 2378 1967 2420 salvandis
1984 2393 2058 2420 seu
2076 2376 2219 2419 electis

284 2442 514 2484 efficienter
535 2455 609 2483 seu
631 2440 878 2482 efficaciter:
912 2440 975 2480 uti
994 2439 1156 2480 exserte
1183 2438 1243 2479 ita
1261 2437 1451 2491 judicant
1470 2437 1655 2479 Piscator
1671 2438 1716 2479 in
1736 2438 1844 2479 nocis
1862 2437 1917 2479 ad
1944 2436 2090 2479 Vorscii
2112 2435 2219 2477 ami-

282 2515 372 2542 cam
403 2500 654 2542 collationem
685 2507 773 2541 secl.
808 2498 875 2540 87.
908 2497 1116 2552 Alcinyms
1135 2497 1180 2538 in
1212 2496 1368 2552 syllabo
1404 2503 1648 2538 controvers.
1672 2496 1894 2538 Lulheran.
1910 2509 2007 2551 paq.
2027 2496 2096 2536 23.
2113 2494 2218 2536 Die-

282 2560 383 2600 scius
415 2560 461 2600 in
497 2559 648 2612 disput.
682 2558 731 2599 de
762 2558 888 2599 Morte
912 2556 1077 2601 Christi.
1109 2555 1258 2609 Neque
1291 2554 1403 2595 enim
1440 2554 1656 2608 quaeritur
1689 2555 1737 2596 de
1759 2557 1906 2605 morte,
1926 2555 2051 2604 lutro,
2069 2551 2220 2593 merito

286 2616 442 2658 Christi
474 2617 691 2671 objective,
723 2616 767 2657 in
794 2631 850 2667 se,
869 2615 1074 2666 absolute,
1093 2614 1302 2655 abstracte
1325 2614 1354 2655 81
1371 2613 1414 2654 111
1435 2613 1529 2654 idea
1546 2613 1827 2662 considerat03
1851 2613 1923 2654 sed
1939 2611 2156 2666 quaeritur
2171 2610 2220 2651 de

287 2689 334 2715 eo
367 2675 606 2728 subjective,
634 2675 703 2716 hic
725 2676 754 2717 81
771 2690 893 2726 nunc,
912 2675 941 2717 81
958 2688 1053 2715 cum
1070 2673 1265 2714 omnibus
1283 2671 1623 2723 circumstantiis,
1642 2686 1736 2713 0010
1753 2671 1833 2712 Dei
1855 2672 1884 2714 81
1902 2670 2059 2712 Christi
2074 2669 2222 2711 volun-

274 2736 373 2773 tate
397 2736 520 2786 atque
552 2733 796 2784 intentione,
829 2734 858 2775 81
880 2747 974 2774 00111
996 2732 1198 2773 relatione
1216 2731 1268 2772 ad
1289 2745 1378 2771 rem
1396 2730 1440 2770 in
1461 2730 1688 2782 individuo,
1707 2745 1830 2784 quam
1852 2729 2104 2779 merebatur,
2123 2726 2152 2769 81
2171 2726 2223 2768 011

290 2805 486 2844 personas
505 2791 657 2844 quibus
689 2791 943 2841 merebatur,
971 2792 1000 2833 81
1032 2805 1211 2844 quarum
1243 2789 1496 2843 Sponsorem
1519 2804 1562 2830 se
1580 2789 1835 2842 praestabat.
1854 2786 1945 2829 Nec
1961 2786 2175 2841 passiones
2193 2786 2223 2828 &

289 2849 525 2890 obedientia
547 2848 702 2889 Christi
720 2849 996 2890 materialiter
1018 2848 1086 2890 hic
1102 2850 1357 2902 spectantur,
1377 2847 1449 2889 3011
1466 2847 1700 2889 formaliter
1722 2847 1798 2890 sub
1821 2846 1984 2888 ratione
2002 2844 2117 2897 lutri,
2137 2858 2220 2884 100-

2141 2900 2226 2953 riti,
