<?xml version="1.0" encoding="UTF-8"?>
<!DOCTYPE html PUBLIC "-//W3C//DTD XHTML 1.0 Transitional//EN"
    "http://www.w3.org/TR/xhtml1/DTD/xhtml1-transitional.dtd">
<html xmlns="http://www.w3.org/1999/xhtml" xml:lang="en" lang="en">
 <head>
  <title>
</title>
<meta http-equiv="Content-Type" content="text/html;charset=utf-8" />
  <meta name='ocr-system' content='tesseract 3.04.00' />
  <meta name='ocr-capabilities' content='ocr_page ocr_carea ocr_par ocr_line ocrx_word'/>
</head>
<body>
  <div class='ocr_page' id='page_1' title='image "./gysbertivoetiise00voet_0179.png"; bbox 0 0 2399 3084; ppageno 0'>
   <div class='ocr_carea' id='block_1_1' title="bbox 400 70 2089 123">
    <p class='ocr_par' dir='ltr' id='par_1_1' title="bbox 400 70 2089 123">
     <span class='ocr_line' id='line_1_1' title="bbox 400 70 2089 123; baseline -0.008 0"><span class='ocrx_word' id='word_1_1' title='bbox 400 82 544 123; x_wconf 76' lang='lat' dir='ltr'>Dlsr.</span> <span class='ocrx_word' id='word_1_2' title='bbox 578 79 653 123; x_wconf 82' lang='lat' dir='ltr'>VI.</span> <span class='ocrx_word' id='word_1_3' title='bbox 686 80 759 121; x_wconf 75' lang='lat' dir='ltr'>Du</span> <span class='ocrx_word' id='word_1_4' title='bbox 793 78 1200 119; x_wconf 52' lang='lat' dir='ltr'>Paopmimouss</span> <span class='ocrx_word' id='word_1_5' title='bbox 1232 75 1463 116; x_wconf 70' lang='grc' dir='ltr'><strong>Ρ110οΑ1Ἰ</strong></span> <span class='ocrx_word' id='word_1_6' title='bbox 1497 73 1832 115; x_wconf 71' lang='lat' dir='ltr'>OR1G1NAL1s.</span> <span class='ocrx_word' id='word_1_7' title='bbox 2014 70 2089 110; x_wconf 89' lang='grc'>151</span> 
     </span>
    </p>
   </div>
   <div class='ocr_carea' id='block_1_2' title="bbox 154 193 2110 2779">
    <p class='ocr_par' dir='ltr' id='par_1_2' title="bbox 154 193 2097 315">
     <span class='ocr_line' id='line_1_2' title="bbox 154 193 2097 263; baseline -0.008 -14"><span class='ocrx_word' id='word_1_8' title='bbox 154 207 326 263; x_wconf 75' lang='lat' dir='ltr'>Physiee</span> <span class='ocrx_word' id='word_1_9' title='bbox 356 205 533 261; x_wconf 81' lang='lat' dir='ltr'>qualitas</span> <span class='ocrx_word' id='word_1_10' title='bbox 574 203 779 245; x_wconf 80' lang='lat' dir='ltr'>naturalis</span> <span class='ocrx_word' id='word_1_11' title='bbox 817 203 842 243; x_wconf 83' lang='lat' dir='ltr'>a</span> <span class='ocrx_word' id='word_1_12' title='bbox 864 208 1038 243; x_wconf 58' lang='lat' dir='ltr'>creatore</span> <span class='ocrx_word' id='word_1_13' title='bbox 1060 201 1119 242; x_wconf 51' lang='lat' dir='ltr'>¹vel</span> <span class='ocrx_word' id='word_1_14' title='bbox 1143 206 1298 241; x_wconf 69' lang='lat' dir='ltr'>natura</span> <span class='ocrx_word' id='word_1_15' title='bbox 1313 197 1489 239; x_wconf 69' lang='lat' dir='ltr'>ewistens</span> <span class='ocrx_word' id='word_1_16' title='bbox 1501 211 1515 245; x_wconf 88' lang='lat'><em>;</em></span> <span class='ocrx_word' id='word_1_17' title='bbox 1529 210 1604 250; x_wconf 78' lang='lat' dir='ltr'>per</span> <span class='ocrx_word' id='word_1_18' title='bbox 1625 209 1666 237; x_wconf 88' lang='lat' dir='ltr'>se</span> <span class='ocrx_word' id='word_1_19' title='bbox 1685 194 1900 249; x_wconf 77' lang='lat' dir='ltr'>utriusque</span> <span class='ocrx_word' id='word_1_20' title='bbox 1918 193 2097 249; x_wconf 78' lang='lat' dir='ltr'>qualitas</span> 
     </span>
     <span class='ocr_line' id='line_1_3' title="bbox 157 260 999 315; baseline -0.01 -7"><span class='ocrx_word' id='word_1_21' title='bbox 157 280 240 307; x_wconf 77' lang='lat' dir='ltr'>non</span> <span class='ocrx_word' id='word_1_22' title='bbox 257 272 324 315; x_wconf 83' lang='lat' dir='ltr'>est,</span> <span class='ocrx_word' id='word_1_23' title='bbox 344 264 426 305; x_wconf 80' lang='lat' dir='ltr'>nisi</span> <span class='ocrx_word' id='word_1_24' title='bbox 441 264 467 304; x_wconf 82' lang='lat' dir='ltr'>a</span> <span class='ocrx_word' id='word_1_25' title='bbox 491 266 598 304; x_wconf 62' lang='lat' dir='ltr'>tecta</span> <span class='ocrx_word' id='word_1_26' title='bbox 620 262 778 303; x_wconf 74' lang='lat' dir='ltr'>ratione</span> <span class='ocrx_word' id='word_1_27' title='bbox 799 260 839 303; x_wconf 55' lang='lat' dir='ltr'>a?</span> <span class='ocrx_word' id='word_1_28' title='bbox 859 262 882 301; x_wconf 77' lang='lat' dir='ltr'>a</span> <span class='ocrx_word' id='word_1_29' title='bbox 902 262 999 302; x_wconf 84' lang='lat' dir='ltr'>Deo.</span> 
     </span>
    </p>

    <p class='ocr_par' dir='ltr' id='par_1_3' title="bbox 155 311 2110 2779">
     <span class='ocr_line' id='line_1_4' title="bbox 215 311 2098 379; baseline -0.008 -13"><span class='ocrx_word' id='word_1_30' title='bbox 215 323 352 379; x_wconf 67' lang='lat' dir='ltr'>&#39;LofJiee</span> <span class='ocrx_word' id='word_1_31' title='bbox 382 336 497 376; x_wconf 64' lang='lat' dir='ltr'>erqo:</span> <span class='ocrx_word' id='word_1_32' title='bbox 530 321 651 374; x_wconf 67' lang='lat' dir='ltr'>loqiee</span> <span class='ocrx_word' id='word_1_33' title='bbox 682 334 774 362; x_wconf 81' lang='lat' dir='ltr'>vero</span> <span class='ocrx_word' id='word_1_34' title='bbox 806 319 984 375; x_wconf 82' lang='lat' dir='ltr'>qualitas</span> <span class='ocrx_word' id='word_1_35' title='bbox 999 318 1173 373; x_wconf 72' lang='lat' dir='ltr'>positiva</span> <span class='ocrx_word' id='word_1_36' title='bbox 1194 324 1250 357; x_wconf 79' lang='lat' dir='ltr'>est</span> <span class='ocrx_word' id='word_1_37' title='bbox 1267 315 1446 370; x_wconf 83' lang='lat' dir='ltr'>qualitas</span> <span class='ocrx_word' id='word_1_38' title='bbox 1463 316 1673 370; x_wconf 74' lang='lat' dir='ltr'>affirmata</span> <span class='ocrx_word' id='word_1_39' title='bbox 1692 312 1909 354; x_wconf 74' lang='lat' dir='ltr'><em>inhaerens</em></span> <span class='ocrx_word' id='word_1_40' title='bbox 1927 311 2098 364; x_wconf 61' lang='lat' dir='ltr'>stthjecto</span> 
     </span>
     <span class='ocr_line' id='line_1_5' title="bbox 155 369 2099 432; baseline -0.006 -11"><span class='ocrx_word' id='word_1_41' title='bbox 155 384 262 424; x_wconf 79' lang='lat' dir='ltr'>hona</span> <span class='ocrx_word' id='word_1_42' title='bbox 293 382 354 423; x_wconf 80' lang='lat' dir='ltr'>vel</span> <span class='ocrx_word' id='word_1_43' title='bbox 384 381 510 421; x_wconf 71' lang='lat' dir='ltr'>nulla.</span> <span class='ocrx_word' id='word_1_44' title='bbox 545 379 742 420; x_wconf 80' lang='lat' dir='ltr'>Rollocus</span> <span class='ocrx_word' id='word_1_45' title='bbox 776 393 864 432; x_wconf 84' lang='lat' dir='ltr'>cap.</span> <span class='ocrx_word' id='word_1_46' title='bbox 909 378 978 418; x_wconf 81' lang='lat'>25.</span> <span class='ocrx_word' id='word_1_47' title='bbox 1018 377 1066 417; x_wconf 89' lang='lat' dir='ltr'>de</span> <span class='ocrx_word' id='word_1_48' title='bbox 1085 374 1300 417; x_wconf 78' lang='lat' dir='ltr'>vocatiom1</span> <span class='ocrx_word' id='word_1_49' title='bbox 1319 372 1491 422; x_wconf 83' lang='lat' dir='ltr'>efficaci,</span> <span class='ocrx_word' id='word_1_50' title='bbox 1513 371 1583 412; x_wconf 86' lang='lat' dir='ltr'>ubi</span> <span class='ocrx_word' id='word_1_51' title='bbox 1608 370 1830 425; x_wconf 74' lang='lat' dir='ltr'>positivam</span> <span class='ocrx_word' id='word_1_52' title='bbox 1849 369 2099 423; x_wconf 72' lang='lat' dir='ltr'>qualitatem</span> 
     </span>
     <span class='ocr_line' id='line_1_6' title="bbox 158 428 2101 494; baseline -0.007 -12"><span class='ocrx_word' id='word_1_53' title='bbox 158 441 256 482; x_wconf 75' lang='lat' dir='ltr'>fecit</span> <span class='ocrx_word' id='word_1_54' title='bbox 287 442 450 494; x_wconf 84' lang='lat' dir='ltr'>partem</span> <span class='ocrx_word' id='word_1_55' title='bbox 490 437 648 492; x_wconf 78' lang='lat' dir='ltr'>peccati</span> <span class='ocrx_word' id='word_1_56' title='bbox 677 437 908 490; x_wconf 78' lang='lat' dir='ltr'>originalis,</span> <span class='ocrx_word' id='word_1_57' title='bbox 947 436 1006 477; x_wconf 85' lang='lat' dir='ltr'>sic</span> <span class='ocrx_word' id='word_1_58' title='bbox 1042 450 1084 476; x_wconf 86' lang='lat' dir='ltr'>se</span> <span class='ocrx_word' id='word_1_59' title='bbox 1118 433 1320 487; x_wconf 81' lang='lat' dir='ltr'>explicat:</span> <span class='ocrx_word' id='word_1_60' title='bbox 1339 446 1438 486; x_wconf 84' lang='lat' dir='ltr'>pag.</span> <span class='ocrx_word' id='word_1_61' title='bbox 1461 430 1557 471; x_wconf 73' lang='lat'>1553.</span> <span class='ocrx_word' id='word_1_62' title='bbox 1577 429 2030 485; x_wconf 72' lang='lat' dir='ltr'>Atqueliaeelzactenus</span> <span class='ocrx_word' id='word_1_63' title='bbox 2052 428 2101 470; x_wconf 81' lang='lat' dir='ltr'>cle</span> 
     </span>
     <span class='ocr_line' id='line_1_7' title="bbox 155 487 2096 553; baseline -0.006 -15"><span class='ocrx_word' id='word_1_64' title='bbox 155 499 302 553; x_wconf 69' lang='lat' dir='ltr'>pecc-ati</span> <span class='ocrx_word' id='word_1_65' title='bbox 318 498 534 552; x_wconf 71' lang='lat' dir='ltr'>oriqinalis</span> <span class='ocrx_word' id='word_1_66' title='bbox 556 496 723 538; x_wconf 77' lang='lat' dir='ltr'>materia</span> <span class='ocrx_word' id='word_1_67' title='bbox 744 496 907 549; x_wconf 54' lang='lat' dir='ltr'>cripui-t.</span> <span class='ocrx_word' id='word_1_68' title='bbox 926 495 1013 536; x_wconf 83' lang='lat' dir='ltr'>llae</span> <span class='ocrx_word' id='word_1_69' title='bbox 1026 501 1165 548; x_wconf 71' lang='lat' dir='ltr'>partes</span> <span class='ocrx_word' id='word_1_70' title='bbox 1187 491 1378 533; x_wconf 68' lang='lat' dir='ltr'>valleriae</span> <span class='ocrx_word' id='word_1_71' title='bbox 1393 489 1542 544; x_wconf 71' lang='lat' dir='ltr'>peccati</span> <span class='ocrx_word' id='word_1_72' title='bbox 1563 488 1797 543; x_wconf 76' lang='lat' dir='ltr'>originalis,</span> <span class='ocrx_word' id='word_1_73' title='bbox 1816 501 1910 530; x_wconf 84' lang='lat' dir='ltr'>eum</span> <span class='ocrx_word' id='word_1_74' title='bbox 1931 487 2096 528; x_wconf 84' lang='lat' dir='ltr'>totidem</span> 
     </span>
     <span class='ocr_line' id='line_1_8' title="bbox 155 546 2100 606; baseline -0.006 -9"><span class='ocrx_word' id='word_1_75' title='bbox 155 558 264 599; x_wconf 76' lang='lat' dir='ltr'>entia</span> <span class='ocrx_word' id='word_1_76' title='bbox 295 558 392 606; x_wconf 80' lang='lat' dir='ltr'>sint,</span> <span class='ocrx_word' id='word_1_77' title='bbox 429 556 468 598; x_wconf 65' lang='lat' dir='ltr'>{t</span> <span class='ocrx_word' id='word_1_78' title='bbox 499 556 547 598; x_wconf 82' lang='lat' dir='ltr'>ab</span> <span class='ocrx_word' id='word_1_79' title='bbox 564 556 737 598; x_wconf 79' lang='lat' dir='ltr'>authore</span> <span class='ocrx_word' id='word_1_80' title='bbox 752 556 837 596; x_wconf 85' lang='lat' dir='ltr'>Deo</span> <span class='ocrx_word' id='word_1_81' title='bbox 855 554 950 603; x_wconf 79' lang='lat' dir='ltr'>sint,</span> <span class='ocrx_word' id='word_1_82' title='bbox 971 553 1137 594; x_wconf 72' lang='lat' dir='ltr'>insuam</span> <span class='ocrx_word' id='word_1_83' title='bbox 1155 550 1232 592; x_wconf 84' lang='lat' dir='ltr'>sibi</span> <span class='ocrx_word' id='word_1_84' title='bbox 1249 550 1487 605; x_wconf 71' lang='lat' dir='ltr'>qualitatem</span> <span class='ocrx_word' id='word_1_85' title='bbox 1510 547 1700 589; x_wconf 82' lang='lat' dir='ltr'>bonitatis</span> <span class='ocrx_word' id='word_1_86' title='bbox 1718 546 1866 588; x_wconf 72' lang='lat' dir='ltr'>liabent</span> <span class='ocrx_word' id='word_1_87' title='bbox 1884 546 2100 600; x_wconf 71' lang='lat' dir='ltr'>sinyulae:</span> 
     </span>
     <span class='ocr_line' id='line_1_9' title="bbox 160 604 2101 670; baseline -0.007 -13"><span class='ocrx_word' id='word_1_88' title='bbox 160 617 264 658; x_wconf 81' lang='lat' dir='ltr'>Nam</span> <span class='ocrx_word' id='word_1_89' title='bbox 298 616 507 670; x_wconf 75' lang='lat' dir='ltr'>apostasia</span> <span class='ocrx_word' id='word_1_90' title='bbox 529 615 610 655; x_wconf 70' lang='lat' dir='ltr'>sive</span> <span class='ocrx_word' id='word_1_91' title='bbox 626 614 791 668; x_wconf 69' lang='lat' dir='ltr'>desertio</span> <span class='ocrx_word' id='word_1_92' title='bbox 809 613 853 653; x_wconf 81' lang='lat' dir='ltr'>in</span> <span class='ocrx_word' id='word_1_93' title='bbox 870 626 909 654; x_wconf 91' lang='lat' dir='ltr'>se</span> <span class='ocrx_word' id='word_1_94' title='bbox 925 626 972 654; x_wconf 84' lang='lat' dir='ltr'>ae</span> <span class='ocrx_word' id='word_1_95' title='bbox 986 625 1060 666; x_wconf 72' lang='lat' dir='ltr'>per</span> <span class='ocrx_word' id='word_1_96' title='bbox 1081 625 1119 652; x_wconf 82' lang='lat' dir='ltr'>se</span> <span class='ocrx_word' id='word_1_97' title='bbox 1135 610 1242 651; x_wconf 82' lang='lat' dir='ltr'>bona</span> <span class='ocrx_word' id='word_1_98' title='bbox 1259 616 1315 650; x_wconf 84' lang='lat' dir='ltr'>est</span> <span class='ocrx_word' id='word_1_99' title='bbox 1324 623 1339 657; x_wconf 91' lang='lat'><em>;</em></span> <span class='ocrx_word' id='word_1_100' title='bbox 1357 609 1449 650; x_wconf 87' lang='lat' dir='ltr'>item</span> <span class='ocrx_word' id='word_1_101' title='bbox 1465 606 1647 648; x_wconf 81' lang='lat' dir='ltr'>carentia</span> <span class='ocrx_word' id='word_1_102' title='bbox 1663 605 1880 660; x_wconf 69' lang='lat' dir='ltr'>oriyinalis</span> <span class='ocrx_word' id='word_1_103' title='bbox 1889 604 2076 659; x_wconf 83' lang='lat' dir='ltr'>justitiae</span> <span class='ocrx_word' id='word_1_104' title='bbox 2089 622 2101 651; x_wconf 80' lang='grc'>,-</span> 
     </span>
     <span class='ocr_line' id='line_1_10' title="bbox 156 663 2102 727; baseline -0.006 -13"><span class='ocrx_word' id='word_1_105' title='bbox 156 689 251 717; x_wconf 69' lang='lat' dir='ltr'>rum</span> <span class='ocrx_word' id='word_1_106' title='bbox 283 675 386 716; x_wconf 81' lang='lat' dir='ltr'>entis</span> <span class='ocrx_word' id='word_1_107' title='bbox 419 674 637 727; x_wconf 78' lang='lat' dir='ltr'>eujusdam</span> <span class='ocrx_word' id='word_1_108' title='bbox 669 672 869 714; x_wconf 73' lang='lat' dir='ltr'>rationem</span> <span class='ocrx_word' id='word_1_109' title='bbox 887 671 1043 720; x_wconf 84' lang='lat' dir='ltr'>habeat,</span> <span class='ocrx_word' id='word_1_110' title='bbox 1066 668 1106 712; x_wconf 71' lang='lat' dir='ltr'>a</span> <span class='ocrx_word' id='word_1_111' title='bbox 1122 682 1187 712; x_wconf 73' lang='lat' dir='ltr'>res</span> <span class='ocrx_word' id='word_1_112' title='bbox 1204 667 1407 724; x_wconf 77' lang='lat' dir='ltr'><em>quaedam</em></span> <span class='ocrx_word' id='word_1_113' title='bbox 1424 666 1475 707; x_wconf 82' lang='lat' dir='ltr'>sit</span> <span class='ocrx_word' id='word_1_114' title='bbox 1495 666 1603 720; x_wconf 81' lang='lat' dir='ltr'>laeta</span> <span class='ocrx_word' id='word_1_115' title='bbox 1621 672 1736 706; x_wconf 80' lang='lat' dir='ltr'>motu</span> <span class='ocrx_word' id='word_1_116' title='bbox 1758 664 1827 705; x_wconf 85' lang='lat' dir='ltr'>illo</span> <span class='ocrx_word' id='word_1_117' title='bbox 1844 663 2102 718; x_wconf 77' lang='lat' dir='ltr'>clesectionis;</span> 
     </span>
     <span class='ocr_line' id='line_1_11' title="bbox 156 722 2104 787; baseline -0.007 -11"><span class='ocrx_word' id='word_1_118' title='bbox 156 734 348 782; x_wconf 75' lang='lat' dir='ltr'>carentia,</span> <span class='ocrx_word' id='word_1_119' title='bbox 383 733 569 787; x_wconf 79' lang='lat' dir='ltr'>inquam,</span> <span class='ocrx_word' id='word_1_120' title='bbox 601 733 626 772; x_wconf 72' lang='lat' dir='ltr'>a</span> <span class='ocrx_word' id='word_1_121' title='bbox 659 733 742 773; x_wconf 82' lang='lat' dir='ltr'>Deo</span> <span class='ocrx_word' id='word_1_122' title='bbox 778 738 847 780; x_wconf 81' lang='lat' dir='ltr'>est,</span> <span class='ocrx_word' id='word_1_123' title='bbox 885 729 925 772; x_wconf 58' lang='lat' dir='ltr'>Rc</span> <span class='ocrx_word' id='word_1_124' title='bbox 962 730 1007 770; x_wconf 78' lang='lat' dir='ltr'>in</span> <span class='ocrx_word' id='word_1_125' title='bbox 1034 743 1075 770; x_wconf 89' lang='lat' dir='ltr'>se</span> <span class='ocrx_word' id='word_1_126' title='bbox 1092 728 1198 770; x_wconf 85' lang='lat' dir='ltr'>bona</span> <span class='ocrx_word' id='word_1_127' title='bbox 1215 726 1490 780; x_wconf 53' lang='lat' dir='ltr'>estulenique</span> <span class='ocrx_word' id='word_1_128' title='bbox 1505 724 1685 779; x_wconf 81' lang='lat' dir='ltr'>qualitas</span> <span class='ocrx_word' id='word_1_129' title='bbox 1704 723 1776 764; x_wconf 87' lang='lat' dir='ltr'>illa</span> <span class='ocrx_word' id='word_1_130' title='bbox 1791 722 1980 777; x_wconf 78' lang='lat' dir='ltr'>positiva,</span> <span class='ocrx_word' id='word_1_131' title='bbox 1999 735 2104 777; x_wconf 85' lang='lat' dir='ltr'>qaae</span> 
     </span>
     <span class='ocr_line' id='line_1_12' title="bbox 155 781 2101 843; baseline -0.005 -12"><span class='ocrx_word' id='word_1_132' title='bbox 155 792 328 833; x_wconf 65' lang='lat' dir='ltr'>succedit</span> <span class='ocrx_word' id='word_1_133' title='bbox 366 793 411 832; x_wconf 78' lang='lat' dir='ltr'>in</span> <span class='ocrx_word' id='word_1_134' title='bbox 432 793 566 833; x_wconf 79' lang='lat' dir='ltr'>locum</span> <span class='ocrx_word' id='word_1_135' title='bbox 585 789 809 831; x_wconf 69' lang='lat' dir='ltr'>sanctitatis</span> <span class='ocrx_word' id='word_1_136' title='bbox 830 788 870 830; x_wconf 77' lang='lat' dir='ltr'>a·</span> <span class='ocrx_word' id='word_1_137' title='bbox 888 788 1082 843; x_wconf 69' lang='lat' dir='ltr'>imayinis</span> <span class='ocrx_word' id='word_1_138' title='bbox 1105 787 1195 837; x_wconf 87' lang='lat' dir='ltr'>Dei,</span> <span class='ocrx_word' id='word_1_139' title='bbox 1214 787 1239 826; x_wconf 79' lang='lat' dir='ltr'>a</span> <span class='ocrx_word' id='word_1_140' title='bbox 1256 787 1341 827; x_wconf 88' lang='lat' dir='ltr'>Deo</span> <span class='ocrx_word' id='word_1_141' title='bbox 1358 792 1413 826; x_wconf 90' lang='lat' dir='ltr'>est</span> <span class='ocrx_word' id='word_1_142' title='bbox 1432 792 1632 838; x_wconf 75' lang='lat' dir='ltr'>amquam</span> <span class='ocrx_word' id='word_1_143' title='bbox 1646 782 1875 837; x_wconf 74' lang='lat' dir='ltr'>principali</span> <span class='ocrx_word' id='word_1_144' title='bbox 1895 781 2101 837; x_wconf 78' lang='lat' dir='ltr'>efficiente,</span> 
     </span>
     <span class='ocr_line' id='line_1_13' title="bbox 159 838 2103 904; baseline -0.007 -12"><span class='ocrx_word' id='word_1_145' title='bbox 159 852 198 892; x_wconf 67' lang='lat' dir='ltr'>a·</span> <span class='ocrx_word' id='word_1_146' title='bbox 228 865 303 904; x_wconf 78' lang='lat' dir='ltr'>per</span> <span class='ocrx_word' id='word_1_147' title='bbox 333 865 373 891; x_wconf 82' lang='lat' dir='ltr'>se</span> <span class='ocrx_word' id='word_1_148' title='bbox 399 850 505 891; x_wconf 77' lang='lat' dir='ltr'>bona</span> <span class='ocrx_word' id='word_1_149' title='bbox 521 857 590 890; x_wconf 82' lang='lat' dir='ltr'>est.</span> <span class='ocrx_word' id='word_1_150' title='bbox 628 850 756 890; x_wconf 76' lang='lat' dir='ltr'>l&#39;rout</span> <span class='ocrx_word' id='word_1_151' title='bbox 777 848 902 902; x_wconf 71' lang='lat' dir='ltr'>iyltur</span> <span class='ocrx_word' id='word_1_152' title='bbox 921 848 1067 902; x_wconf 71' lang='lat' dir='ltr'>triplae</span> <span class='ocrx_word' id='word_1_153' title='bbox 1083 853 1138 887; x_wconf 88' lang='lat' dir='ltr'>est</span> <span class='ocrx_word' id='word_1_154' title='bbox 1154 845 1314 895; x_wconf 84' lang='lat' dir='ltr'>entitas,</span> <span class='ocrx_word' id='word_1_155' title='bbox 1337 844 1395 885; x_wconf 45' lang='lat' dir='ltr'>&#39;ita</span> <span class='ocrx_word' id='word_1_156' title='bbox 1416 843 1566 897; x_wconf 66' lang='lat' dir='ltr'>triplae</span> <span class='ocrx_word' id='word_1_157' title='bbox 1582 848 1637 882; x_wconf 82' lang='lat' dir='ltr'>est</span> <span class='ocrx_word' id='word_1_158' title='bbox 1656 841 1831 883; x_wconf 75' lang='lat' dir='ltr'>bonitas.</span> <span class='ocrx_word' id='word_1_159' title='bbox 1865 838 1950 882; x_wconf 86' lang='lat' dir='ltr'>Ubi</span> <span class='ocrx_word' id='word_1_160' title='bbox 1968 838 2103 880; x_wconf 89' lang='lat' dir='ltr'>mani-</span> 
     </span>
     <span class='ocr_line' id='line_1_14' title="bbox 162 899 2102 961; baseline -0.006 -12"><span class='ocrx_word' id='word_1_161' title='bbox 162 910 265 950; x_wconf 81' lang='lat' dir='ltr'>feste</span> <span class='ocrx_word' id='word_1_162' title='bbox 307 908 489 949; x_wconf 74' lang='lat' dir='ltr'>ostendit</span> <span class='ocrx_word' id='word_1_163' title='bbox 528 923 571 948; x_wconf 85' lang='lat' dir='ltr'>sc</span> <span class='ocrx_word' id='word_1_164' title='bbox 615 906 842 961; x_wconf 83' lang='lat' dir='ltr'>positivum</span> <span class='ocrx_word' id='word_1_165' title='bbox 889 906 1024 946; x_wconf 83' lang='lat' dir='ltr'>facere</span> <span class='ocrx_word' id='word_1_166' title='bbox 1062 906 1278 958; x_wconf 87' lang='lat' dir='ltr'>peccatum</span> <span class='ocrx_word' id='word_1_167' title='bbox 1315 901 1521 956; x_wconf 77' lang='lat' dir='ltr'>originale</span> <span class='ocrx_word' id='word_1_168' title='bbox 1550 899 1825 941; x_wconf 75' lang='lat' dir='ltr'>materialiter</span> <span class='ocrx_word' id='word_1_169' title='bbox 1861 900 2102 952; x_wconf 82' lang='lat' dir='ltr'>acceptum:</span> 
     </span>
     <span class='ocr_line' id='line_1_15' title="bbox 160 956 2103 1021; baseline -0.005 -15"><span class='ocrx_word' id='word_1_170' title='bbox 160 968 364 1021; x_wconf 84' lang='lat' dir='ltr'>quomodo</span> <span class='ocrx_word' id='word_1_171' title='bbox 397 981 517 1007; x_wconf 87' lang='lat' dir='ltr'>omne</span> <span class='ocrx_word' id='word_1_172' title='bbox 551 967 767 1019; x_wconf 84' lang='lat' dir='ltr'>peccatum</span> <span class='ocrx_word' id='word_1_173' title='bbox 800 965 963 1005; x_wconf 80' lang='lat' dir='ltr'>actuale</span> <span class='ocrx_word' id='word_1_174' title='bbox 990 963 1071 1004; x_wconf 87' lang='lat' dir='ltr'>dici</span> <span class='ocrx_word' id='word_1_175' title='bbox 1087 962 1219 1016; x_wconf 80' lang='lat' dir='ltr'>possit</span> <span class='ocrx_word' id='word_1_176' title='bbox 1235 960 1462 1015; x_wconf 89' lang='lat' dir='ltr'>positivum</span> <span class='ocrx_word' id='word_1_177' title='bbox 1481 974 1567 1009; x_wconf 91' lang='lat' dir='ltr'>ens,</span> <span class='ocrx_word' id='word_1_178' title='bbox 1585 958 1711 1009; x_wconf 88' lang='lat' dir='ltr'>reale,</span> <span class='ocrx_word' id='word_1_179' title='bbox 1728 957 1857 999; x_wconf 88' lang='lat' dir='ltr'>immo</span> <span class='ocrx_word' id='word_1_180' title='bbox 1882 958 1911 999; x_wconf 60' lang='lat'>8⁶</span> <span class='ocrx_word' id='word_1_181' title='bbox 1932 956 2103 1004; x_wconf 63' lang='lat' dir='ltr'>hominu</span> 
     </span>
     <span class='ocr_line' id='line_1_16' title="bbox 163 1015 2104 1073; baseline -0.005 -7"><span class='ocrx_word' id='word_1_182' title='bbox 163 1026 323 1067; x_wconf 84' lang='lat' dir='ltr'>ratione</span> <span class='ocrx_word' id='word_1_183' title='bbox 341 1025 499 1066; x_wconf 86' lang='lat' dir='ltr'>scilicet</span> <span class='ocrx_word' id='word_1_184' title='bbox 521 1023 722 1065; x_wconf 86' lang='lat' dir='ltr'>materiae</span> <span class='ocrx_word' id='word_1_185' title='bbox 741 1025 769 1066; x_wconf 85' lang='lat'>&amp;</span> <span class='ocrx_word' id='word_1_186' title='bbox 787 1025 902 1064; x_wconf 86' lang='lat' dir='ltr'>actus</span> <span class='ocrx_word' id='word_1_187' title='bbox 927 1021 1142 1064; x_wconf 76' lang='lat' dir='ltr'>substrati.</span> <span class='ocrx_word' id='word_1_188' title='bbox 1177 1020 1296 1070; x_wconf 76' lang='lat' dir='ltr'>Quod</span> <span class='ocrx_word' id='word_1_189' title='bbox 1313 1017 1495 1073; x_wconf 87' lang='lat' dir='ltr'>amplius</span> <span class='ocrx_word' id='word_1_190' title='bbox 1513 1017 1694 1072; x_wconf 85' lang='lat' dir='ltr'>explicat</span> <span class='ocrx_word' id='word_1_191' title='bbox 1711 1031 1750 1071; x_wconf 92' lang='lat' dir='ltr'>p.</span> <span class='ocrx_word' id='word_1_192' title='bbox 1778 1015 1873 1057; x_wconf 89' lang='grc'><strong>154.</strong></span> <span class='ocrx_word' id='word_1_193' title='bbox 1895 1015 2104 1069; x_wconf 85' lang='lat' dir='ltr'>Quemad-</span> 
     </span>
     <span class='ocr_line' id='line_1_17' title="bbox 163 1073 2108 1137; baseline -0.006 -12"><span class='ocrx_word' id='word_1_194' title='bbox 163 1085 328 1127; x_wconf 81' lang='lat' dir='ltr'>modum</span> <span class='ocrx_word' id='word_1_195' title='bbox 353 1092 490 1126; x_wconf 67' lang='lat' dir='ltr'>(actem</span> <span class='ocrx_word' id='word_1_196' title='bbox 508 1083 657 1137; x_wconf 73' lang='lat' dir='ltr'>peccati</span> <span class='ocrx_word' id='word_1_197' title='bbox 673 1081 889 1137; x_wconf 75' lang='lat' dir='ltr'>01·i9inalis</span> <span class='ocrx_word' id='word_1_198' title='bbox 905 1081 1079 1123; x_wconf 35' lang='lat' dir='ltr'>&#39;materia</span> <span class='ocrx_word' id='word_1_199' title='bbox 1097 1080 1246 1134; x_wconf 67' lang='lat' dir='ltr'>triplex</span> <span class='ocrx_word' id='word_1_200' title='bbox 1261 1093 1321 1120; x_wconf 88' lang='lat' dir='ltr'>es:</span> <span class='ocrx_word' id='word_1_201' title='bbox 1342 1078 1397 1119; x_wconf 86' lang='lat' dir='ltr'>ita</span> <span class='ocrx_word' id='word_1_202' title='bbox 1419 1077 1566 1131; x_wconf 76' lang='lat' dir='ltr'>triplea·</span> <span class='ocrx_word' id='word_1_203' title='bbox 1581 1083 1637 1118; x_wconf 84' lang='lat' dir='ltr'>est</span> <span class='ocrx_word' id='word_1_204' title='bbox 1659 1073 1809 1123; x_wconf 66' lang='grc' dir='ltr'>ἀνομία.</span> <span class='ocrx_word' id='word_1_205' title='bbox 1834 1076 2108 1131; x_wconf 81' lang='lat' dir='ltr'>Unaquaeque</span> 
     </span>
     <span class='ocr_line' id='line_1_18' title="bbox 161 1134 2106 1197; baseline -0.005 -13"><span class='ocrx_word' id='word_1_206' title='bbox 161 1144 227 1185; x_wconf 76' lang='lat' dir='ltr'>eni</span> <span class='ocrx_word' id='word_1_207' title='bbox 232 1158 271 1185; x_wconf 89' lang='lat' dir='ltr'>m</span> <span class='ocrx_word' id='word_1_208' title='bbox 289 1143 484 1185; x_wconf 65' lang='lat' dir='ltr'>‘materiae</span> <span class='ocrx_word' id='word_1_209' title='bbox 498 1156 600 1197; x_wconf 79' lang='lat' dir='ltr'>pars</span> <span class='ocrx_word' id='word_1_210' title='bbox 618 1155 735 1183; x_wconf 80' lang='lat' dir='ltr'>suam</span> <span class='ocrx_word' id='word_1_211' title='bbox 756 1140 871 1182; x_wconf 82' lang='lat' dir='ltr'>habet</span> <span class='ocrx_word' id='word_1_212' title='bbox 888 1139 1050 1187; x_wconf 66' lang='grc' dir='ltr'><em>ἀνομίαν</em></span> <span class='ocrx_word' id='word_1_213' title='bbox 1070 1138 1110 1181; x_wconf 69' lang='lat' dir='ltr'>a·</span> <span class='ocrx_word' id='word_1_214' title='bbox 1126 1137 1395 1180; x_wconf 72' lang='lat' dir='ltr'>actvemtaam</span> <span class='ocrx_word' id='word_1_215' title='bbox 1416 1137 1613 1191; x_wconf 77' lang='lat' dir='ltr'>sbrmam,</span> <span class='ocrx_word' id='word_1_216' title='bbox 1633 1135 1677 1176; x_wconf 85' lang='lat' dir='ltr'>in</span> <span class='ocrx_word' id='word_1_217' title='bbox 1693 1147 1776 1188; x_wconf 84' lang='lat' dir='ltr'>qua</span> <span class='ocrx_word' id='word_1_218' title='bbox 1792 1134 1927 1188; x_wconf 81' lang='lat' dir='ltr'>posita</span> <span class='ocrx_word' id='word_1_219' title='bbox 1943 1140 1999 1175; x_wconf 88' lang='lat' dir='ltr'>est</span> <span class='ocrx_word' id='word_1_220' title='bbox 2013 1146 2106 1187; x_wconf 74' lang='lat' dir='ltr'>pec-</span> 
     </span>
     <span class='ocr_line' id='line_1_19' title="bbox 161 1191 2107 1255; baseline -0.006 -12"><span class='ocrx_word' id='word_1_221' title='bbox 161 1203 240 1243; x_wconf 81' lang='lat' dir='ltr'>eati</span> <span class='ocrx_word' id='word_1_222' title='bbox 271 1202 400 1243; x_wconf 62' lang='lat' dir='ltr'>tatio:</span> <span class='ocrx_word' id='word_1_223' title='bbox 432 1201 648 1255; x_wconf 76' lang='lat' dir='ltr'>Apostasia</span> <span class='ocrx_word' id='word_1_224' title='bbox 683 1214 803 1242; x_wconf 81' lang='lat' dir='ltr'>suam</span> <span class='ocrx_word' id='word_1_225' title='bbox 837 1198 953 1240; x_wconf 77' lang='lat' dir='ltr'>habe!</span> <span class='ocrx_word' id='word_1_226' title='bbox 987 1197 1162 1248; x_wconf 67' lang='grc' dir='ltr'><em>ἀνομίαν,</em></span> <span class='ocrx_word' id='word_1_227' title='bbox 1195 1196 1377 1238; x_wconf 77' lang='lat' dir='ltr'>carentia</span> <span class='ocrx_word' id='word_1_228' title='bbox 1393 1208 1528 1244; x_wconf 83' lang='lat' dir='ltr'>suam,</span> <span class='ocrx_word' id='word_1_229' title='bbox 1545 1193 1722 1248; x_wconf 73' lang='lat' dir='ltr'>positiva</span> <span class='ocrx_word' id='word_1_230' title='bbox 1739 1191 2107 1248; x_wconf 77' lang='lat' dir='ltr'>deniquequalitas</span> 
     </span>
     <span class='ocr_line' id='line_1_20' title="bbox 161 1250 2107 1314; baseline -0.006 -11"><span class='ocrx_word' id='word_1_231' title='bbox 161 1275 295 1303; x_wconf 79' lang='lat' dir='ltr'>suam.</span> <span class='ocrx_word' id='word_1_232' title='bbox 330 1262 438 1302; x_wconf 81' lang='lat' dir='ltr'>Haec</span> <span class='ocrx_word' id='word_1_233' title='bbox 469 1260 617 1314; x_wconf 67' lang='lat' dir='ltr'>triplae</span> <span class='ocrx_word' id='word_1_234' title='bbox 633 1257 769 1301; x_wconf 69' lang='grc' dir='ltr'><em>ἀνομία</em></span> <span class='ocrx_word' id='word_1_235' title='bbox 789 1271 873 1299; x_wconf 81' lang='lat' dir='ltr'>non</span> <span class='ocrx_word' id='word_1_236' title='bbox 889 1265 945 1299; x_wconf 87' lang='lat' dir='ltr'>est</span> <span class='ocrx_word' id='word_1_237' title='bbox 963 1258 987 1298; x_wconf 82' lang='grc' dir='ltr'><em>ὰ</em></span> <span class='ocrx_word' id='word_1_238' title='bbox 1009 1258 1096 1300; x_wconf 85' lang='lat' dir='ltr'>Deo</span> <span class='ocrx_word' id='word_1_239' title='bbox 1113 1256 1319 1312; x_wconf 74' lang='lat' dir='ltr'>efficiente,</span> <span class='ocrx_word' id='word_1_240' title='bbox 1341 1267 1485 1296; x_wconf 79' lang='lat' dir='ltr'>verum</span> <span class='ocrx_word' id='word_1_241' title='bbox 1501 1266 1528 1294; x_wconf 88' lang='lat' dir='ltr'>a</span> <span class='ocrx_word' id='word_1_242' title='bbox 1544 1252 1667 1295; x_wconf 84' lang='lat' dir='ltr'>malis</span> <span class='ocrx_word' id='word_1_243' title='bbox 1686 1250 1985 1302; x_wconf 70' lang='lat' dir='ltr'>instrumentis,</span> <span class='ocrx_word' id='word_1_244' title='bbox 2002 1250 2107 1293; x_wconf 87' lang='lat' dir='ltr'>Dia-</span> 
     </span>
     <span class='ocr_line' id='line_1_21' title="bbox 162 1309 2106 1374; baseline -0.006 -13"><span class='ocrx_word' id='word_1_245' title='bbox 162 1320 249 1361; x_wconf 78' lang='lat' dir='ltr'>boto</span> <span class='ocrx_word' id='word_1_246' title='bbox 267 1320 470 1374; x_wconf 75' lang='lat' dir='ltr'>primum,</span> <span class='ocrx_word' id='word_1_247' title='bbox 494 1319 655 1360; x_wconf 78' lang='lat' dir='ltr'>Aclamo</span> <span class='ocrx_word' id='word_1_248' title='bbox 672 1317 828 1367; x_wconf 80' lang='lat' dir='ltr'>deinde,</span> <span class='ocrx_word' id='word_1_249' title='bbox 847 1331 890 1358; x_wconf 87' lang='lat' dir='ltr'>eo</span> <span class='ocrx_word' id='word_1_250' title='bbox 912 1316 1086 1372; x_wconf 71' lang='lat' dir='ltr'>(lenique</span> <span class='ocrx_word' id='word_1_251' title='bbox 1102 1314 1278 1365; x_wconf 79' lang='lat' dir='ltr'>homine,</span> <span class='ocrx_word' id='word_1_252' title='bbox 1297 1312 1485 1369; x_wconf 77' lang='lat' dir='ltr'>quisquis</span> <span class='ocrx_word' id='word_1_253' title='bbox 1503 1311 1536 1353; x_wconf 77' lang='lat' dir='ltr'>is</span> <span class='ocrx_word' id='word_1_254' title='bbox 1552 1319 1622 1362; x_wconf 89' lang='lat' dir='ltr'>est,</span> <span class='ocrx_word' id='word_1_255' title='bbox 1641 1310 1713 1366; x_wconf 84' lang='lat' dir='ltr'>qui</span> <span class='ocrx_word' id='word_1_256' title='bbox 1728 1324 1778 1351; x_wconf 73' lang='lat' dir='ltr'>ex</span> <span class='ocrx_word' id='word_1_257' title='bbox 1794 1310 1954 1352; x_wconf 78' lang='lat' dir='ltr'>Aclamo</span> <span class='ocrx_word' id='word_1_258' title='bbox 1971 1309 2106 1351; x_wconf 85' lang='lat' dir='ltr'>nasci-</span> 
     </span>
     <span class='ocr_line' id='line_1_22' title="bbox 163 1369 2108 1432; baseline -0.005 -13"><span class='ocrx_word' id='word_1_259' title='bbox 163 1387 252 1420; x_wconf 74' lang='lat' dir='ltr'>tur:</span> <span class='ocrx_word' id='word_1_260' title='bbox 294 1379 402 1421; x_wconf 84' lang='lat' dir='ltr'>Nam</span> <span class='ocrx_word' id='word_1_261' title='bbox 437 1377 478 1419; x_wconf 67' lang='lat' dir='ltr'>a</span> <span class='ocrx_word' id='word_1_262' title='bbox 509 1392 584 1419; x_wconf 79' lang='lat' dir='ltr'>nos</span> <span class='ocrx_word' id='word_1_263' title='bbox 601 1378 801 1432; x_wconf 78' lang='lat' dir='ltr'>quodque,</span> <span class='ocrx_word' id='word_1_264' title='bbox 819 1376 891 1431; x_wconf 82' lang='lat' dir='ltr'>qui</span> <span class='ocrx_word' id='word_1_265' title='bbox 907 1375 1146 1417; x_wconf 79' lang='lat' dir='ltr'>laboramus</span> <span class='ocrx_word' id='word_1_266' title='bbox 1163 1374 1236 1415; x_wconf 78' lang='lat' dir='ltr'>hoe</span> <span class='ocrx_word' id='word_1_267' title='bbox 1252 1371 1393 1415; x_wconf 79' lang='lat' dir='ltr'>morbo</span> <span class='ocrx_word' id='word_1_268' title='bbox 1408 1370 1680 1413; x_wconf 77' lang='lat' dir='ltr'>haereditario</span> <span class='ocrx_word' id='word_1_269' title='bbox 1704 1369 1783 1423; x_wconf 77' lang='lat' dir='ltr'>ipsi</span> <span class='ocrx_word' id='word_1_270' title='bbox 1799 1382 1945 1410; x_wconf 86' lang='lat' dir='ltr'>causae</span> <span class='ocrx_word' id='word_1_271' title='bbox 1961 1382 2108 1410; x_wconf 79' lang='lat' dir='ltr'>sumus</span> 
     </span>
     <span class='ocr_line' id='line_1_23' title="bbox 167 1426 2107 1488; baseline -0.006 -10"><span class='ocrx_word' id='word_1_272' title='bbox 167 1436 298 1478; x_wconf 78' lang='lat' dir='ltr'>morbi</span> <span class='ocrx_word' id='word_1_273' title='bbox 331 1436 474 1478; x_wconf 78' lang='lat' dir='ltr'>nostri.</span> <span class='ocrx_word' id='word_1_274' title='bbox 501 1436 558 1477; x_wconf 84' lang='lat' dir='ltr'>Et</span> <span class='ocrx_word' id='word_1_275' title='bbox 584 1434 926 1477; x_wconf 81' lang='lat' dir='ltr'>manifestissime</span> <span class='ocrx_word' id='word_1_276' title='bbox 963 1449 1002 1488; x_wconf 90' lang='lat' dir='ltr'>p.</span> <span class='ocrx_word' id='word_1_277' title='bbox 1029 1433 1126 1475; x_wconf 80' lang='lat'>158.</span> <span class='ocrx_word' id='word_1_278' title='bbox 1144 1432 1215 1474; x_wconf 85' lang='lat' dir='ltr'>ubi</span> <span class='ocrx_word' id='word_1_279' title='bbox 1234 1446 1308 1486; x_wconf 86' lang='lat' dir='ltr'>pro</span> <span class='ocrx_word' id='word_1_280' title='bbox 1326 1429 1565 1472; x_wconf 73' lang='lat' dir='ltr'>defensione</span> <span class='ocrx_word' id='word_1_281' title='bbox 1582 1427 1815 1470; x_wconf 81' lang='lat' dir='ltr'>sententiae</span> <span class='ocrx_word' id='word_1_282' title='bbox 1832 1426 2057 1468; x_wconf 88' lang='lat' dir='ltr'>Lombardi</span> <span class='ocrx_word' id='word_1_283' title='bbox 2073 1442 2107 1468; x_wconf 88' lang='lat' dir='ltr'>c.</span> 
     </span>
     <span class='ocr_line' id='line_1_24' title="bbox 166 1486 2108 1548; baseline -0.005 -12"><span class='ocrx_word' id='word_1_284' title='bbox 166 1495 471 1536; x_wconf 86' lang='lat' dir='ltr'>Bellarminum</span> <span class='ocrx_word' id='word_1_285' title='bbox 504 1495 554 1536; x_wconf 86' lang='lat' dir='ltr'>de</span> <span class='ocrx_word' id='word_1_286' title='bbox 584 1494 765 1548; x_wconf 86' lang='lat' dir='ltr'>positiva</span> <span class='ocrx_word' id='word_1_287' title='bbox 798 1493 1002 1547; x_wconf 83' lang='lat' dir='ltr'>qualitate</span> <span class='ocrx_word' id='word_1_288' title='bbox 1021 1492 1143 1542; x_wconf 88' lang='lat' dir='ltr'>male,</span> <span class='ocrx_word' id='word_1_289' title='bbox 1161 1491 1220 1533; x_wconf 86' lang='lat' dir='ltr'>sic</span> <span class='ocrx_word' id='word_1_290' title='bbox 1237 1489 1481 1544; x_wconf 82' lang='lat' dir='ltr'>distinguit:</span> <span class='ocrx_word' id='word_1_291' title='bbox 1516 1488 1579 1530; x_wconf 84' lang='lat' dir='ltr'>Ad</span> <span class='ocrx_word' id='word_1_292' title='bbox 1594 1486 1918 1541; x_wconf 72' lang='lat' dir='ltr'>assumptionem</span> <span class='ocrx_word' id='word_1_293' title='bbox 1937 1499 2108 1540; x_wconf 76' lang='lat' dir='ltr'>respon-</span> 
     </span>
     <span class='ocr_line' id='line_1_25' title="bbox 164 1545 2110 1608; baseline -0.005 -12"><span class='ocrx_word' id='word_1_294' title='bbox 164 1554 320 1597; x_wconf 83' lang='lat' dir='ltr'>demus.</span> <span class='ocrx_word' id='word_1_295' title='bbox 339 1554 391 1596; x_wconf 86' lang='lat' dir='ltr'>ln</span> <span class='ocrx_word' id='word_1_296' title='bbox 404 1554 582 1608; x_wconf 73' lang='lat' dir='ltr'>positiva</span> <span class='ocrx_word' id='word_1_297' title='bbox 601 1554 669 1595; x_wconf 85' lang='lat' dir='ltr'>illa</span> <span class='ocrx_word' id='word_1_298' title='bbox 686 1553 878 1608; x_wconf 80' lang='lat' dir='ltr'>qualitate</span> <span class='ocrx_word' id='word_1_299' title='bbox 894 1553 1019 1603; x_wconf 82' lang='lat' dir='ltr'>mala,</span> <span class='ocrx_word' id='word_1_300' title='bbox 1037 1552 1120 1594; x_wconf 79' lang='lat' dir='ltr'>cluo</span> <span class='ocrx_word' id='word_1_301' title='bbox 1142 1558 1240 1592; x_wconf 85' lang='lat' dir='ltr'>sunt</span> <span class='ocrx_word' id='word_1_302' title='bbox 1252 1565 1267 1599; x_wconf 85' lang='lat'><em>;</em></span> <span class='ocrx_word' id='word_1_303' title='bbox 1280 1549 1483 1604; x_wconf 70' lang='lat' dir='ltr'>primumn,</span> <span class='ocrx_word' id='word_1_304' title='bbox 1500 1546 1678 1603; x_wconf 74' lang='lat' dir='ltr'>qualitas</span> <span class='ocrx_word' id='word_1_305' title='bbox 1696 1546 1800 1600; x_wconf 79' lang='lat' dir='ltr'>ipsa,</span> <span class='ocrx_word' id='word_1_306' title='bbox 1819 1545 1930 1600; x_wconf 80' lang='lat' dir='ltr'>quod</span> <span class='ocrx_word' id='word_1_307' title='bbox 1944 1558 2016 1587; x_wconf 86' lang='lat' dir='ltr'>ens</span> <span class='ocrx_word' id='word_1_308' title='bbox 2028 1552 2083 1586; x_wconf 87' lang='lat' dir='ltr'>est</span> <span class='ocrx_word' id='word_1_309' title='bbox 2096 1560 2110 1593; x_wconf 91' lang='lat'><em>;</em></span> 
     </span>
     <span class='ocr_line' id='line_1_26' title="bbox 164 1604 2109 1666; baseline -0.004 -14"><span class='ocrx_word' id='word_1_310' title='bbox 164 1613 403 1660; x_wconf 81' lang='lat' dir='ltr'>secundum,</span> <span class='ocrx_word' id='word_1_311' title='bbox 438 1613 600 1654; x_wconf 61' lang='lat' dir='ltr'>&#39;malitia</span> <span class='ocrx_word' id='word_1_312' title='bbox 631 1612 713 1654; x_wconf 86' lang='lat' dir='ltr'>sive</span> <span class='ocrx_word' id='word_1_313' title='bbox 732 1610 905 1661; x_wconf 63' lang='grc' dir='ltr'><em>ἀνομίαν,</em></span> <span class='ocrx_word' id='word_1_314' title='bbox 929 1625 1033 1666; x_wconf 84' lang='lat' dir='ltr'>quae</span> <span class='ocrx_word' id='word_1_315' title='bbox 1047 1609 1226 1665; x_wconf 75' lang='lat' dir='ltr'>privatio</span> <span class='ocrx_word' id='word_1_316' title='bbox 1244 1616 1312 1650; x_wconf 87' lang='lat' dir='ltr'>est.</span> <span class='ocrx_word' id='word_1_317' title='bbox 1350 1606 1571 1660; x_wconf 83' lang='lat' dir='ltr'>Qualitatis</span> <span class='ocrx_word' id='word_1_318' title='bbox 1590 1605 1720 1660; x_wconf 75' lang='lat' dir='ltr'>ipsius</span> <span class='ocrx_word' id='word_1_319' title='bbox 1741 1604 1781 1646; x_wconf 76' lang='lat' dir='ltr'>a·</span> <span class='ocrx_word' id='word_1_320' title='bbox 1802 1604 1906 1646; x_wconf 84' lang='lat' dir='ltr'>entis</span> <span class='ocrx_word' id='word_1_321' title='bbox 1921 1605 2038 1646; x_wconf 86' lang='lat' dir='ltr'>Deus</span> <span class='ocrx_word' id='word_1_322' title='bbox 2053 1611 2109 1645; x_wconf 87' lang='lat' dir='ltr'>est</span> 
     </span>
     <span class='ocr_line' id='line_1_27' title="bbox 165 1662 2106 1728; baseline -0.004 -17"><span class='ocrx_word' id='word_1_323' title='bbox 165 1671 317 1713; x_wconf 72' lang='lat' dir='ltr'>author</span> <span class='ocrx_word' id='word_1_324' title='bbox 342 1671 382 1713; x_wconf 77' lang='lat' dir='ltr'>a·</span> <span class='ocrx_word' id='word_1_325' title='bbox 398 1672 572 1728; x_wconf 80' lang='lat' dir='ltr'>efficiens</span> <span class='ocrx_word' id='word_1_326' title='bbox 586 1671 857 1725; x_wconf 72' lang='lat' dir='ltr'>principalis:</span> <span class='ocrx_word' id='word_1_327' title='bbox 877 1670 1058 1712; x_wconf 80' lang='lat' dir='ltr'>Mutiliae</span> <span class='ocrx_word' id='word_1_328' title='bbox 1076 1682 1166 1710; x_wconf 75' lang='lat' dir='ltr'>uero</span> <span class='ocrx_word' id='word_1_329' title='bbox 1192 1667 1232 1709; x_wconf 69' lang='lat' dir='ltr'>a</span> <span class='ocrx_word' id='word_1_330' title='bbox 1249 1666 1409 1715; x_wconf 73' lang='grc' dir='ltr'><em>ἀνομίας</em></span> <span class='ocrx_word' id='word_1_331' title='bbox 1426 1678 1511 1707; x_wconf 85' lang='lat' dir='ltr'>non</span> <span class='ocrx_word' id='word_1_332' title='bbox 1533 1665 1659 1713; x_wconf 85' lang='lat' dir='ltr'>Deus,</span> <span class='ocrx_word' id='word_1_333' title='bbox 1678 1662 1749 1705; x_wconf 82' lang='lat' dir='ltr'>secl</span> <span class='ocrx_word' id='word_1_334' title='bbox 1764 1664 1925 1705; x_wconf 83' lang='lat' dir='ltr'>malum</span> <span class='ocrx_word' id='word_1_335' title='bbox 1947 1662 2106 1704; x_wconf 80' lang='lat' dir='ltr'>instru-</span> 
     </span>
     <span class='ocr_line' id='line_1_28' title="bbox 170 1720 2110 1786; baseline -0.005 -16"><span class='ocrx_word' id='word_1_336' title='bbox 170 1737 367 1779; x_wconf 83' lang='lat' dir='ltr'>mentum,</span> <span class='ocrx_word' id='word_1_337' title='bbox 400 1730 574 1786; x_wconf 80' lang='lat' dir='ltr'>efficiens</span> <span class='ocrx_word' id='word_1_338' title='bbox 591 1736 660 1770; x_wconf 85' lang='lat' dir='ltr'>est.</span> <span class='ocrx_word' id='word_1_339' title='bbox 693 1728 845 1770; x_wconf 88' lang='lat' dir='ltr'>Confer</span> <span class='ocrx_word' id='word_1_340' title='bbox 862 1730 1028 1769; x_wconf 87' lang='lat' dir='ltr'>autores</span> <span class='ocrx_word' id='word_1_341' title='bbox 1044 1727 1155 1768; x_wconf 87' lang='lat' dir='ltr'>infra</span> <span class='ocrx_word' id='word_1_342' title='bbox 1171 1726 1240 1768; x_wconf 91' lang='lat' dir='ltr'>cit.</span> <span class='ocrx_word' id='word_1_343' title='bbox 1264 1724 1374 1766; x_wconf 89' lang='lat' dir='ltr'>thesi</span> <span class='ocrx_word' id='word_1_344' title='bbox 1391 1723 1635 1778; x_wconf 70' lang='lat' dir='ltr'>penultima.</span> <span class='ocrx_word' id='word_1_345' title='bbox 1669 1721 1719 1763; x_wconf 87' lang='lat' dir='ltr'>X.</span> <span class='ocrx_word' id='word_1_346' title='bbox 1755 1723 1844 1765; x_wconf 80' lang='lat' dir='ltr'>Rat.</span> <span class='ocrx_word' id='word_1_347' title='bbox 1862 1720 1989 1762; x_wconf 76' lang='lat' dir='ltr'>sicui</span> <span class='ocrx_word' id='word_1_348' title='bbox 2006 1720 2110 1761; x_wconf 90' lang='lat' dir='ltr'>haec</span> 
     </span>
     <span class='ocr_line' id='line_1_29' title="bbox 167 1778 2104 1840; baseline -0.005 -11"><span class='ocrx_word' id='word_1_349' title='bbox 167 1789 218 1829; x_wconf 86' lang='lat' dir='ltr'>ad</span> <span class='ocrx_word' id='word_1_350' title='bbox 254 1788 533 1829; x_wconf 88' lang='lat' dir='ltr'>conciliandas</span> <span class='ocrx_word' id='word_1_351' title='bbox 572 1787 870 1840; x_wconf 80' lang='lat' dir='ltr'>explicationes</span> <span class='ocrx_word' id='word_1_352' title='bbox 907 1786 1235 1827; x_wconf 83' lang='lat' dir='ltr'>orthodoxorum</span> <span class='ocrx_word' id='word_1_353' title='bbox 1272 1783 1566 1837; x_wconf 81' lang='lat' dir='ltr'>theologorum</span> <span class='ocrx_word' id='word_1_354' title='bbox 1599 1783 1623 1822; x_wconf 76' lang='lat' dir='ltr'>a</span> <span class='ocrx_word' id='word_1_355' title='bbox 1653 1795 1720 1822; x_wconf 89' lang='lat' dir='ltr'>me</span> <span class='ocrx_word' id='word_1_356' title='bbox 1751 1780 1881 1821; x_wconf 86' lang='lat' dir='ltr'>allata</span> <span class='ocrx_word' id='word_1_357' title='bbox 1897 1794 1979 1820; x_wconf 90' lang='lat' dir='ltr'>non</span> <span class='ocrx_word' id='word_1_358' title='bbox 2002 1778 2104 1820; x_wconf 89' lang='lat' dir='ltr'>satis</span> 
     </span>
     <span class='ocr_line' id='line_1_30' title="bbox 168 1837 2102 1901; baseline -0.005 -14"><span class='ocrx_word' id='word_1_359' title='bbox 168 1846 338 1896; x_wconf 88' lang='lat' dir='ltr'>faciant,</span> <span class='ocrx_word' id='word_1_360' title='bbox 371 1848 468 1901; x_wconf 88' lang='lat' dir='ltr'>peto</span> <span class='ocrx_word' id='word_1_361' title='bbox 506 1846 557 1887; x_wconf 90' lang='lat' dir='ltr'>ab</span> <span class='ocrx_word' id='word_1_362' title='bbox 590 1846 664 1887; x_wconf 93' lang='lat' dir='ltr'>illo</span> <span class='ocrx_word' id='word_1_363' title='bbox 696 1848 742 1886; x_wconf 89' lang='lat' dir='ltr'>ut</span> <span class='ocrx_word' id='word_1_364' title='bbox 775 1845 932 1898; x_wconf 85' lang='lat' dir='ltr'>absque</span> <span class='ocrx_word' id='word_1_365' title='bbox 972 1843 1237 1886; x_wconf 83' lang='lat' dir='ltr'>contentione</span> <span class='ocrx_word' id='word_1_366' title='bbox 1261 1844 1335 1883; x_wconf 88' lang='lat' dir='ltr'>aut</span> <span class='ocrx_word' id='word_1_367' title='bbox 1353 1839 1627 1882; x_wconf 82' lang='lat' dir='ltr'>insectatione</span> <span class='ocrx_word' id='word_1_368' title='bbox 1646 1839 1841 1880; x_wconf 85' lang='lat' dir='ltr'>uberiora</span> <span class='ocrx_word' id='word_1_369' title='bbox 1858 1852 1906 1879; x_wconf 85' lang='lat' dir='ltr'>ao</span> <span class='ocrx_word' id='word_1_370' title='bbox 1926 1837 2102 1879; x_wconf 83' lang='lat' dir='ltr'>meliora</span> 
     </span>
     <span class='ocr_line' id='line_1_31' title="bbox 167 1895 2108 1958; baseline -0.005 -12"><span class='ocrx_word' id='word_1_371' title='bbox 167 1905 339 1946; x_wconf 82' lang='lat' dir='ltr'>candide</span> <span class='ocrx_word' id='word_1_372' title='bbox 357 1904 656 1946; x_wconf 88' lang='lat' dir='ltr'>communicet:</span> <span class='ocrx_word' id='word_1_373' title='bbox 674 1904 732 1944; x_wconf 87' lang='lat' dir='ltr'>Et</span> <span class='ocrx_word' id='word_1_374' title='bbox 748 1904 916 1958; x_wconf 88' lang='lat' dir='ltr'>quidem</span> <span class='ocrx_word' id='word_1_375' title='bbox 934 1903 1117 1957; x_wconf 85' lang='lat' dir='ltr'>primum</span> <span class='ocrx_word' id='word_1_376' title='bbox 1134 1902 1291 1951; x_wconf 85' lang='lat' dir='ltr'>doceat,</span> <span class='ocrx_word' id='word_1_377' title='bbox 1310 1915 1363 1941; x_wconf 87' lang='lat' dir='ltr'>an</span> <span class='ocrx_word' id='word_1_378' title='bbox 1380 1904 1408 1939; x_wconf 66' lang='lat' dir='ltr'>St</span> <span class='ocrx_word' id='word_1_379' title='bbox 1425 1898 1630 1953; x_wconf 86' lang='lat' dir='ltr'>quomodo</span> <span class='ocrx_word' id='word_1_380' title='bbox 1646 1895 1692 1934; x_wconf 74' lang='grc' dir='ltr'>τὲ</span> <span class='ocrx_word' id='word_1_381' title='bbox 1710 1896 1966 1951; x_wconf 86' lang='lat' dir='ltr'>privativum</span> <span class='ocrx_word' id='word_1_382' title='bbox 1982 1896 2108 1950; x_wconf 86' lang='lat' dir='ltr'>hujus</span> 
     </span>
     <span class='ocr_line' id='line_1_32' title="bbox 169 1955 2106 2018; baseline -0.005 -13"><span class='ocrx_word' id='word_1_383' title='bbox 169 1963 327 2017; x_wconf 85' lang='lat' dir='ltr'>peccati</span> <span class='ocrx_word' id='word_1_384' title='bbox 346 1963 512 2017; x_wconf 74' lang='lat' dir='ltr'>proprie</span> <span class='ocrx_word' id='word_1_385' title='bbox 525 1963 553 2004; x_wconf 56' lang='lat'>8⁶</span> <span class='ocrx_word' id='word_1_386' title='bbox 571 1963 704 2018; x_wconf 81' lang='lat' dir='ltr'>logice</span> <span class='ocrx_word' id='word_1_387' title='bbox 722 1965 950 2016; x_wconf 87' lang='lat' dir='ltr'>acceptum,</span> <span class='ocrx_word' id='word_1_388' title='bbox 969 1966 997 2001; x_wconf 65' lang='lat' dir='ltr'>Sc</span> <span class='ocrx_word' id='word_1_389' title='bbox 1019 1960 1246 2015; x_wconf 87' lang='lat' dir='ltr'>positivum</span> <span class='ocrx_word' id='word_1_390' title='bbox 1264 1958 1449 2013; x_wconf 82' lang='lat' dir='ltr'>pravitas</span> <span class='ocrx_word' id='word_1_391' title='bbox 1466 1972 1521 1998; x_wconf 83' lang='lat' dir='ltr'>sc.</span> <span class='ocrx_word' id='word_1_392' title='bbox 1540 1971 1613 1998; x_wconf 88' lang='lat' dir='ltr'>seu</span> <span class='ocrx_word' id='word_1_393' title='bbox 1627 1955 1836 2009; x_wconf 84' lang='lat' dir='ltr'>corruptio</span> <span class='ocrx_word' id='word_1_394' title='bbox 1850 1970 1923 1997; x_wconf 89' lang='lat' dir='ltr'>seu</span> <span class='ocrx_word' id='word_1_395' title='bbox 1935 1955 2106 1997; x_wconf 84' lang='lat' dir='ltr'>morbus</span> 
     </span>
     <span class='ocr_line' id='line_1_33' title="bbox 168 2012 2107 2076; baseline -0.006 -12"><span class='ocrx_word' id='word_1_396' title='bbox 168 2025 356 2072; x_wconf 86' lang='lat' dir='ltr'>naturae,</span> <span class='ocrx_word' id='word_1_397' title='bbox 375 2037 447 2063; x_wconf 89' lang='lat' dir='ltr'>seu</span> <span class='ocrx_word' id='word_1_398' title='bbox 465 2021 683 2076; x_wconf 84' lang='lat' dir='ltr'>dispositio</span> <span class='ocrx_word' id='word_1_399' title='bbox 701 2024 774 2062; x_wconf 83' lang='lat' dir='ltr'>aut</span> <span class='ocrx_word' id='word_1_400' title='bbox 791 2020 1005 2062; x_wconf 86' lang='lat' dir='ltr'>inclinatio</span> <span class='ocrx_word' id='word_1_401' title='bbox 1022 2018 1252 2061; x_wconf 84' lang='lat' dir='ltr'>habitualis</span> <span class='ocrx_word' id='word_1_402' title='bbox 1270 2018 1322 2059; x_wconf 88' lang='lat' dir='ltr'>ad</span> <span class='ocrx_word' id='word_1_403' title='bbox 1338 2017 1511 2067; x_wconf 87' lang='lat' dir='ltr'>malum,</span> <span class='ocrx_word' id='word_1_404' title='bbox 1530 2015 1699 2056; x_wconf 82' lang='lat' dir='ltr'>realiter</span> <span class='ocrx_word' id='word_1_405' title='bbox 1711 2014 1821 2055; x_wconf 88' lang='lat' dir='ltr'>inter</span> <span class='ocrx_word' id='word_1_406' title='bbox 1832 2029 1875 2055; x_wconf 88' lang='lat' dir='ltr'>se</span> <span class='ocrx_word' id='word_1_407' title='bbox 1885 2013 1946 2054; x_wconf 91' lang='lat' dir='ltr'>ita</span> <span class='ocrx_word' id='word_1_408' title='bbox 1958 2012 2107 2055; x_wconf 89' lang='lat' dir='ltr'>distin-</span> 
     </span>
     <span class='ocr_line' id='line_1_34' title="bbox 169 2071 2109 2136; baseline -0.005 -14"><span class='ocrx_word' id='word_1_409' title='bbox 169 2083 375 2136; x_wconf 59' lang='lat' dir='ltr'>guantum</span> <span class='ocrx_word' id='word_1_410' title='bbox 414 2083 460 2121; x_wconf 89' lang='lat' dir='ltr'>ut</span> <span class='ocrx_word' id='word_1_411' title='bbox 475 2080 684 2134; x_wconf 87' lang='lat' dir='ltr'>posterius</span> <span class='ocrx_word' id='word_1_412' title='bbox 706 2080 820 2121; x_wconf 92' lang='lat' dir='ltr'>nullo</span> <span class='ocrx_word' id='word_1_413' title='bbox 838 2079 959 2120; x_wconf 88' lang='lat' dir='ltr'>modo</span> <span class='ocrx_word' id='word_1_414' title='bbox 981 2078 1140 2131; x_wconf 87' lang='lat' dir='ltr'>concipi</span> <span class='ocrx_word' id='word_1_415' title='bbox 1162 2078 1191 2120; x_wconf 60' lang='lat'>82</span> <span class='ocrx_word' id='word_1_416' title='bbox 1213 2076 1293 2118; x_wconf 87' lang='lat' dir='ltr'>dici</span> <span class='ocrx_word' id='word_1_417' title='bbox 1311 2076 1460 2117; x_wconf 88' lang='lat' dir='ltr'>debeat</span> <span class='ocrx_word' id='word_1_418' title='bbox 1478 2073 1656 2129; x_wconf 85' lang='lat' dir='ltr'>privatio</span> <span class='ocrx_word' id='word_1_419' title='bbox 1672 2088 1746 2114; x_wconf 89' lang='lat' dir='ltr'>seu</span> <span class='ocrx_word' id='word_1_420' title='bbox 1765 2087 1837 2113; x_wconf 87' lang='lat' dir='ltr'>ens</span> <span class='ocrx_word' id='word_1_421' title='bbox 1853 2071 2109 2126; x_wconf 87' lang='lat' dir='ltr'>privativum</span> 
     </span>
     <span class='ocr_line' id='line_1_35' title="bbox 168 2130 2104 2194; baseline -0.005 -14"><span class='ocrx_word' id='word_1_422' title='bbox 168 2139 334 2193; x_wconf 85' lang='lat' dir='ltr'>proprie</span> <span class='ocrx_word' id='word_1_423' title='bbox 367 2139 593 2180; x_wconf 86' lang='lat' dir='ltr'>secundum</span> <span class='ocrx_word' id='word_1_424' title='bbox 610 2138 768 2194; x_wconf 87' lang='lat' dir='ltr'>logicos</span> <span class='ocrx_word' id='word_1_425' title='bbox 785 2142 813 2177; x_wconf 70' lang='grc' dir='ltr'>δι.</span> <span class='ocrx_word' id='word_1_426' title='bbox 830 2136 1128 2191; x_wconf 86' lang='lat' dir='ltr'>Metaphysic.)</span> <span class='ocrx_word' id='word_1_427' title='bbox 1147 2136 1266 2192; x_wconf 85' lang='lat' dir='ltr'>[pag.</span> <span class='ocrx_word' id='word_1_428' title='bbox 1287 2134 1422 2189; x_wconf 80' lang='lat'>1092]</span> <span class='ocrx_word' id='word_1_429' title='bbox 1441 2135 1670 2186; x_wconf 87' lang='lat' dir='ltr'>acceptum.</span> <span class='ocrx_word' id='word_1_430' title='bbox 1703 2130 1946 2172; x_wconf 88' lang='lat' dir='ltr'>Meminerit</span> <span class='ocrx_word' id='word_1_431' title='bbox 1962 2132 2104 2172; x_wconf 87' lang='lat' dir='ltr'>autem</span> 
     </span>
     <span class='ocr_line' id='line_1_36' title="bbox 170 2188 2107 2251; baseline -0.005 -12"><span class='ocrx_word' id='word_1_432' title='bbox 170 2212 235 2239; x_wconf 88' lang='lat' dir='ltr'>me</span> <span class='ocrx_word' id='word_1_433' title='bbox 267 2212 466 2251; x_wconf 88' lang='lat' dir='ltr'>quaerere</span> <span class='ocrx_word' id='word_1_434' title='bbox 499 2212 582 2238; x_wconf 88' lang='lat' dir='ltr'>non</span> <span class='ocrx_word' id='word_1_435' title='bbox 613 2197 662 2238; x_wconf 87' lang='lat' dir='ltr'>de</span> <span class='ocrx_word' id='word_1_436' title='bbox 699 2196 907 2250; x_wconf 88' lang='lat' dir='ltr'>pravitate</span> <span class='ocrx_word' id='word_1_437' title='bbox 937 2198 1113 2237; x_wconf 86' lang='lat' dir='ltr'>naturae</span> <span class='ocrx_word' id='word_1_438' title='bbox 1145 2209 1218 2235; x_wconf 83' lang='lat' dir='ltr'>seu</span> <span class='ocrx_word' id='word_1_439' title='bbox 1248 2208 1377 2248; x_wconf 86' lang='lat' dir='ltr'>prava</span> <span class='ocrx_word' id='word_1_440' title='bbox 1409 2190 1679 2246; x_wconf 85' lang='lat' dir='ltr'>dispositione</span> <span class='ocrx_word' id='word_1_441' title='bbox 1714 2191 1917 2239; x_wconf 80' lang='lat' dir='ltr'>concrete,</span> <span class='ocrx_word' id='word_1_442' title='bbox 1935 2188 2045 2230; x_wconf 89' lang='lat' dir='ltr'>utin</span> <span class='ocrx_word' id='word_1_443' title='bbox 2063 2204 2107 2230; x_wconf 88' lang='lat' dir='ltr'>se</span> 
     </span>
     <span class='ocr_line' id='line_1_37' title="bbox 170 2247 2106 2310; baseline -0.005 -13"><span class='ocrx_word' id='word_1_444' title='bbox 170 2256 354 2297; x_wconf 88' lang='lat' dir='ltr'>continet</span> <span class='ocrx_word' id='word_1_445' title='bbox 386 2256 621 2310; x_wconf 87' lang='lat' dir='ltr'>subjectum</span> <span class='ocrx_word' id='word_1_446' title='bbox 653 2255 913 2297; x_wconf 87' lang='lat' dir='ltr'>substratum</span> <span class='ocrx_word' id='word_1_447' title='bbox 931 2254 1059 2310; x_wconf 85' lang='lat' dir='ltr'>(quod</span> <span class='ocrx_word' id='word_1_448' title='bbox 1076 2255 1138 2294; x_wconf 86' lang='lat' dir='ltr'>est</span> <span class='ocrx_word' id='word_1_449' title='bbox 1160 2252 1285 2294; x_wconf 87' lang='lat' dir='ltr'>realis</span> <span class='ocrx_word' id='word_1_450' title='bbox 1302 2256 1331 2292; x_wconf 78' lang='grc'>81.</span> <span class='ocrx_word' id='word_1_451' title='bbox 1352 2250 1533 2305; x_wconf 87' lang='lat' dir='ltr'>positiva</span> <span class='ocrx_word' id='word_1_452' title='bbox 1550 2247 1766 2303; x_wconf 83' lang='lat' dir='ltr'>qualitas),</span> <span class='ocrx_word' id='word_1_453' title='bbox 1794 2248 1865 2289; x_wconf 87' lang='lat' dir='ltr'>sed</span> <span class='ocrx_word' id='word_1_454' title='bbox 1883 2247 2106 2297; x_wconf 84' lang='lat' dir='ltr'>abstracte,</span> 
     </span>
     <span class='ocr_line' id='line_1_38' title="bbox 170 2307 2107 2368; baseline -0.006 -12"><span class='ocrx_word' id='word_1_455' title='bbox 170 2314 419 2365; x_wconf 85' lang='lat' dir='ltr'>formaliter,</span> <span class='ocrx_word' id='word_1_456' title='bbox 453 2314 651 2368; x_wconf 86' lang='lat' dir='ltr'>praecise,</span> <span class='ocrx_word' id='word_1_457' title='bbox 686 2316 733 2355; x_wconf 92' lang='lat' dir='ltr'>ut</span> <span class='ocrx_word' id='word_1_458' title='bbox 765 2314 836 2355; x_wconf 90' lang='lat' dir='ltr'>sic.</span> <span class='ocrx_word' id='word_1_459' title='bbox 865 2315 894 2355; x_wconf 63' lang='lat' dir='ltr'>a</span> <span class='ocrx_word' id='word_1_460' title='bbox 911 2328 994 2367; x_wconf 89' lang='lat' dir='ltr'>qua</span> <span class='ocrx_word' id='word_1_461' title='bbox 1015 2311 1106 2363; x_wconf 88' lang='lat' dir='ltr'>tali,</span> <span class='ocrx_word' id='word_1_462' title='bbox 1124 2314 1172 2353; x_wconf 91' lang='lat' dir='ltr'>ut</span> <span class='ocrx_word' id='word_1_463' title='bbox 1189 2313 1350 2353; x_wconf 85' lang='lat' dir='ltr'>exserte</span> <span class='ocrx_word' id='word_1_464' title='bbox 1369 2312 1393 2351; x_wconf 76' lang='lat' dir='ltr'>a</span> <span class='ocrx_word' id='word_1_465' title='bbox 1414 2309 1602 2363; x_wconf 86' lang='lat' dir='ltr'>subjecta</span> <span class='ocrx_word' id='word_1_466' title='bbox 1620 2307 1825 2361; x_wconf 83' lang='lat' dir='ltr'>qualitate</span> <span class='ocrx_word' id='word_1_467' title='bbox 1847 2308 1936 2347; x_wconf 89' lang='lat' dir='ltr'>toto</span> <span class='ocrx_word' id='word_1_468' title='bbox 1953 2320 2107 2361; x_wconf 87' lang='lat' dir='ltr'>genere</span> 
     </span>
     <span class='ocr_line' id='line_1_39' title="bbox 171 2364 2106 2429; baseline -0.006 -14"><span class='ocrx_word' id='word_1_469' title='bbox 171 2373 458 2429; x_wconf 84' lang='lat' dir='ltr'>distinguitur.</span> <span class='ocrx_word' id='word_1_470' title='bbox 491 2372 608 2414; x_wconf 88' lang='lat' dir='ltr'>Haec</span> <span class='ocrx_word' id='word_1_471' title='bbox 624 2387 718 2414; x_wconf 88' lang='lat' dir='ltr'>cum</span> <span class='ocrx_word' id='word_1_472' title='bbox 735 2371 924 2414; x_wconf 86' lang='lat' dir='ltr'>secundis</span> <span class='ocrx_word' id='word_1_473' title='bbox 946 2371 1055 2413; x_wconf 89' lang='lat' dir='ltr'>curis</span> <span class='ocrx_word' id='word_1_474' title='bbox 1073 2370 1133 2411; x_wconf 85' lang='lat' dir='ltr'>ita</span> <span class='ocrx_word' id='word_1_475' title='bbox 1151 2369 1456 2424; x_wconf 83' lang='lat' dir='ltr'>explicuissem,</span> <span class='ocrx_word' id='word_1_476' title='bbox 1475 2367 1610 2409; x_wconf 86' lang='lat' dir='ltr'>visum</span> <span class='ocrx_word' id='word_1_477' title='bbox 1628 2368 1690 2407; x_wconf 89' lang='lat' dir='ltr'>est</span> <span class='ocrx_word' id='word_1_478' title='bbox 1706 2364 1991 2406; x_wconf 85' lang='lat' dir='ltr'>abundantem</span> <span class='ocrx_word' id='word_1_479' title='bbox 2008 2379 2106 2406; x_wconf 88' lang='lat' dir='ltr'>cau-</span> 
     </span>
     <span class='ocr_line' id='line_1_40' title="bbox 170 2422 2105 2485; baseline -0.005 -12"><span class='ocrx_word' id='word_1_480' title='bbox 170 2432 299 2473; x_wconf 87' lang='lat' dir='ltr'>telam</span> <span class='ocrx_word' id='word_1_481' title='bbox 331 2432 550 2473; x_wconf 88' lang='lat' dir='ltr'>adversum</span> <span class='ocrx_word' id='word_1_482' title='bbox 584 2430 878 2485; x_wconf 87' lang='lat' dir='ltr'>imperitorum</span> <span class='ocrx_word' id='word_1_483' title='bbox 909 2429 1140 2472; x_wconf 87' lang='lat' dir='ltr'>calumnias</span> <span class='ocrx_word' id='word_1_484' title='bbox 1177 2428 1364 2470; x_wconf 87' lang='lat' dir='ltr'>conferre</span> <span class='ocrx_word' id='word_1_485' title='bbox 1400 2425 1651 2468; x_wconf 86' lang='lat' dir='ltr'>recentiores</span> <span class='ocrx_word' id='word_1_486' title='bbox 1682 2425 1846 2465; x_wconf 86' lang='lat' dir='ltr'>nostros</span> <span class='ocrx_word' id='word_1_487' title='bbox 1883 2422 2105 2478; x_wconf 86' lang='lat' dir='ltr'>theologos</span> 
     </span>
     <span class='ocr_line' id='line_1_41' title="bbox 173 2481 2107 2545; baseline -0.005 -14"><span class='ocrx_word' id='word_1_488' title='bbox 173 2490 364 2545; x_wconf 85' lang='lat' dir='ltr'>Belgicos</span> <span class='ocrx_word' id='word_1_489' title='bbox 397 2504 624 2544; x_wconf 89' lang='lat' dir='ltr'>eorumque</span> <span class='ocrx_word' id='word_1_490' title='bbox 656 2504 902 2531; x_wconf 87' lang='lat' dir='ltr'>consensum</span> <span class='ocrx_word' id='word_1_491' title='bbox 935 2489 1163 2543; x_wconf 85' lang='lat' dir='ltr'>explorare.</span> <span class='ocrx_word' id='word_1_492' title='bbox 1197 2487 1254 2528; x_wconf 84' lang='lat' dir='ltr'>Et</span> <span class='ocrx_word' id='word_1_493' title='bbox 1280 2501 1372 2528; x_wconf 89' lang='lat' dir='ltr'>ecce</span> <span class='ocrx_word' id='word_1_494' title='bbox 1389 2485 1634 2526; x_wconf 86' lang='lat' dir='ltr'>obtulerunt</span> <span class='ocrx_word' id='word_1_495' title='bbox 1651 2497 1693 2524; x_wconf 90' lang='lat' dir='ltr'>se</span> <span class='ocrx_word' id='word_1_496' title='bbox 1716 2481 1822 2523; x_wconf 90' lang='lat' dir='ltr'>mihi</span> <span class='ocrx_word' id='word_1_497' title='bbox 1838 2481 2045 2536; x_wconf 75' lang='lat' dir='ltr'>Altinqius</span> <span class='ocrx_word' id='word_1_498' title='bbox 2063 2481 2107 2523; x_wconf 83' lang='lat' dir='ltr'>in</span> 
     </span>
     <span class='ocr_line' id='line_1_42' title="bbox 171 2539 2107 2603; baseline -0.005 -13"><span class='ocrx_word' id='word_1_499' title='bbox 171 2549 433 2603; x_wconf 81' lang='lat' dir='ltr'>problematis</span> <span class='ocrx_word' id='word_1_500' title='bbox 470 2563 602 2603; x_wconf 88' lang='lat' dir='ltr'>nuper</span> <span class='ocrx_word' id='word_1_501' title='bbox 646 2548 779 2595; x_wconf 87' lang='lat' dir='ltr'>editis,</span> <span class='ocrx_word' id='word_1_502' title='bbox 824 2547 897 2588; x_wconf 90' lang='lat' dir='ltr'>ubi</span> <span class='ocrx_word' id='word_1_503' title='bbox 929 2548 1035 2588; x_wconf 89' lang='lat' dir='ltr'>hanc</span> <span class='ocrx_word' id='word_1_504' title='bbox 1069 2541 1373 2600; x_wconf 85' lang='lat' dir='ltr'>quaestionem,</span> <span class='ocrx_word' id='word_1_505' title='bbox 1411 2543 1603 2585; x_wconf 72' lang='lat' dir='ltr'>accurate</span> <span class='ocrx_word' id='word_1_506' title='bbox 1634 2539 1900 2591; x_wconf 78' lang='lat' dir='ltr'>determinat,</span> <span class='ocrx_word' id='word_1_507' title='bbox 1936 2540 2107 2581; x_wconf 87' lang='lat' dir='ltr'>dicendo</span> 
     </span>
     <span class='ocr_line' id='line_1_43' title="bbox 172 2598 2105 2661; baseline -0.005 -12"><span class='ocrx_word' id='word_1_508' title='bbox 172 2610 390 2661; x_wconf 87' lang='lat' dir='ltr'>peccatum</span> <span class='ocrx_word' id='word_1_509' title='bbox 407 2607 658 2649; x_wconf 85' lang='lat' dir='ltr'>abstractive</span> <span class='ocrx_word' id='word_1_510' title='bbox 676 2608 862 2648; x_wconf 87' lang='lat' dir='ltr'>sumtum</span> <span class='ocrx_word' id='word_1_511' title='bbox 875 2620 963 2647; x_wconf 88' lang='lat' dir='ltr'>esse</span> <span class='ocrx_word' id='word_1_512' title='bbox 975 2605 1224 2659; x_wconf 89' lang='lat' dir='ltr'>qualitatem</span> <span class='ocrx_word' id='word_1_513' title='bbox 1240 2603 1465 2658; x_wconf 87' lang='lat' dir='ltr'>positivam</span> <span class='ocrx_word' id='word_1_514' title='bbox 1481 2616 1563 2642; x_wconf 89' lang='lat' dir='ltr'>non</span> <span class='ocrx_word' id='word_1_515' title='bbox 1586 2599 1767 2644; x_wconf 85' lang='lat' dir='ltr'>ethicam</span> <span class='ocrx_word' id='word_1_516' title='bbox 1785 2601 1858 2640; x_wconf 87' lang='lat' dir='ltr'>aut</span> <span class='ocrx_word' id='word_1_517' title='bbox 1874 2598 2105 2654; x_wconf 85' lang='lat' dir='ltr'>physicam,</span> 
     </span>
     <span class='ocr_line' id='line_1_44' title="bbox 172 2657 2106 2721; baseline -0.005 -13"><span class='ocrx_word' id='word_1_518' title='bbox 172 2666 244 2708; x_wconf 86' lang='lat' dir='ltr'>sed</span> <span class='ocrx_word' id='word_1_519' title='bbox 280 2666 477 2721; x_wconf 86' lang='lat' dir='ltr'>logicam,</span> <span class='ocrx_word' id='word_1_520' title='bbox 515 2666 594 2707; x_wconf 87' lang='lat' dir='ltr'>hoc</span> <span class='ocrx_word' id='word_1_521' title='bbox 626 2668 702 2716; x_wconf 89' lang='lat' dir='ltr'>est,</span> <span class='ocrx_word' id='word_1_522' title='bbox 739 2664 989 2719; x_wconf 90' lang='lat' dir='ltr'>qualitatem</span> <span class='ocrx_word' id='word_1_523' title='bbox 1026 2663 1295 2712; x_wconf 85' lang='lat' dir='ltr'>affirmatam,</span> <span class='ocrx_word' id='word_1_524' title='bbox 1314 2661 1385 2703; x_wconf 86' lang='lat' dir='ltr'>sed</span> <span class='ocrx_word' id='word_1_525' title='bbox 1402 2660 1572 2710; x_wconf 86' lang='lat' dir='ltr'>malam,</span> <span class='ocrx_word' id='word_1_526' title='bbox 1594 2657 1884 2699; x_wconf 86' lang='lat' dir='ltr'>inhaerentem</span> <span class='ocrx_word' id='word_1_527' title='bbox 1903 2657 2106 2710; x_wconf 83' lang='lat' dir='ltr'>subjecto,</span> 
     </span>
     <span class='ocr_line' id='line_1_45' title="bbox 174 2715 2106 2779; baseline -0.006 -13"><span class='ocrx_word' id='word_1_528' title='bbox 174 2725 310 2779; x_wconf 85' lang='lat' dir='ltr'>qualis</span> <span class='ocrx_word' id='word_1_529' title='bbox 342 2727 405 2766; x_wconf 93' lang='lat' dir='ltr'>est</span> <span class='ocrx_word' id='word_1_530' title='bbox 436 2726 567 2778; x_wconf 89' lang='lat' dir='ltr'>lepra,</span> <span class='ocrx_word' id='word_1_531' title='bbox 601 2723 804 2765; x_wconf 87' lang='lat' dir='ltr'>curvitas:</span> <span class='ocrx_word' id='word_1_532' title='bbox 834 2727 861 2762; x_wconf 66' lang='lat' dir='ltr'>St</span> <span class='ocrx_word' id='word_1_533' title='bbox 879 2737 1047 2764; x_wconf 81' lang='lat' dir='ltr'>causam</span> <span class='ocrx_word' id='word_1_534' title='bbox 1070 2722 1157 2775; x_wconf 89' lang='lat' dir='ltr'>ejus</span> <span class='ocrx_word' id='word_1_535' title='bbox 1175 2720 1401 2775; x_wconf 90' lang='lat' dir='ltr'>positivam</span> <span class='ocrx_word' id='word_1_536' title='bbox 1417 2718 1519 2760; x_wconf 88' lang='lat' dir='ltr'>facit</span> <span class='ocrx_word' id='word_1_537' title='bbox 1536 2715 1719 2759; x_wconf 86' lang='lat' dir='ltr'>hominis</span> <span class='ocrx_word' id='word_1_538' title='bbox 1736 2715 1958 2757; x_wconf 85' lang='lat' dir='ltr'>arbitrium</span> <span class='ocrx_word' id='word_1_539' title='bbox 1975 2715 2106 2756; x_wconf 84' lang='lat' dir='ltr'>libere</span> 
     </span>
    </p>
   </div>
   <div class='ocr_carea' id='block_1_3' title="bbox 173 2771 2108 2874">
    <p class='ocr_par' dir='ltr' id='par_1_4' title="bbox 173 2771 2108 2874">
     <span class='ocr_line' id='line_1_46' title="bbox 173 2771 2108 2873; baseline -0.005 -49"><span class='ocrx_word' id='word_1_540' title='bbox 173 2797 216 2824; x_wconf 90' lang='lat' dir='ltr'>se</span> <span class='ocrx_word' id='word_1_541' title='bbox 248 2785 439 2825; x_wconf 86' lang='lat' dir='ltr'>avertens</span> <span class='ocrx_word' id='word_1_542' title='bbox 459 2786 482 2826; x_wconf 80' lang='lat' dir='ltr'>a</span> <span class='ocrx_word' id='word_1_543' title='bbox 504 2782 606 2825; x_wconf 90' lang='lat' dir='ltr'>Deo.</span> <span class='ocrx_word' id='word_1_544' title='bbox 631 2783 745 2825; x_wconf 84' lang='lat' dir='ltr'>Rom.</span> <span class='ocrx_word' id='word_1_545' title='bbox 766 2782 805 2823; x_wconf 83' lang='lat'>5.</span> <span class='ocrx_word' id='word_1_546' title='bbox 827 2781 891 2822; x_wconf 84' lang='lat'>12.</span> <span class='ocrx_word' id='word_1_547' title='bbox 919 2781 939 2821; x_wconf 91' lang='lat'>1</span> <span class='ocrx_word' id='word_1_548' title='bbox 971 2779 1142 2823; x_wconf 74' lang='lat' dir='ltr'>Timotle.</span> <span class='ocrx_word' id='word_1_549' title='bbox 1168 2781 1205 2821; x_wconf 89' lang='grc'>2.</span> <span class='ocrx_word' id='word_1_550' title='bbox 1235 2778 1298 2819; x_wconf 86' lang='grc'>14.</span> <span class='ocrx_word' id='word_1_551' title='bbox 1317 2777 1519 2820; x_wconf 84' lang='lat' dir='ltr'>Rationes</span> <span class='ocrx_word' id='word_1_552' title='bbox 1536 2775 1688 2830; x_wconf 89' lang='lat' dir='ltr'>quibus</span> <span class='ocrx_word' id='word_1_553' title='bbox 1704 2771 1750 2812; x_wconf 80' lang='grc' dir='ltr'>τὸ</span> <span class='ocrx_word' id='word_1_554' title='bbox 1765 2774 1993 2829; x_wconf 78' lang='lat' dir='ltr'>positivum</span> <span class='ocrx_word' id='word_1_555' title='bbox 2010 2788 2108 2873; x_wconf 50' lang='grc' dir='ltr'>Ρζοὶ</span> 
     </span>
     <span class='ocr_line' id='line_1_47' title="bbox 2064 2846 2088 2874; baseline 0 0"><span class='ocrx_word' id='word_1_556' title='bbox 2064 2846 2088 2874; x_wconf 87' lang='lat' dir='ltr'>a</span> 
     </span>
    </p>
   </div>
  </div>
 </body>
</html>
