2399 3084
285 103 399 145 D1sp.
434 102 512 144 IV.
547 103 610 143 DE
642 102 913 143 NE‹1·F.ss1T.v1·ss
949 118 993 144 hr
1029 102 1243 144 U'r11.1'rA'rE
1277 104 1482 145 Docimris
1517 119 1562 144 nr.
1596 103 1668 145 SS.
1701 103 1934 145 TmmrArE.
2038 104 2090 144 75

155 226 264 276 iusta
303 225 536 278 suspicione
571 225 613 265 in
657 225 912 266 contrarium
945 225 1175 276 laborante,
1210 227 1388 267 multum
1412 229 1435 267 a
1458 226 1701 267 fortioribus
1720 227 1749 268 85
1771 241 1890 280 posse
1908 228 1937 269 &
1959 227 2090 267 solere

155 283 368 325 conniveri
401 284 452 324 ad
484 283 848 333 hallucinationes,
875 283 1151 337 ignorantias,
1181 285 1476 334 dubitationes,
1501 285 1763 326 confusiones
1781 285 1889 326 circa
1911 285 2091 326 alterum

156 342 356 383 antitheti
388 342 647 383 membrum:
692 350 779 384 lum
818 342 915 395 quia
953 341 1137 383 deiectus
1176 358 1271 384 suos
1303 344 1521 396 deplorans
1545 343 1719 384 docilem
1737 359 1780 384 se
1797 344 1983 397 praebet,
2003 351 2090 385 eam

157 401 255 455 quia
294 416 391 441 vera
428 401 508 442 fide
537 401 666 441 habet
683 404 710 443 ἃ
730 403 844 441 tenet
866 414 1046 454 granum
1063 400 1168 442 illud
1189 401 1338 455 sinapi,
1363 402 1440 442 hoc
1463 404 1526 442 est
1541 402 1761 442 minimum
1782 402 1887 442 illud
1904 402 2092 443 veritatis

157 459 354 501 salutaris
389 459 574 512 praecise
612 460 661 500 ad
700 458 1036 500 communionem
1054 459 1376 501 ecclesiasticam
1395 461 1423 502 δι
1441 460 1605 501 animae
1627 461 1806 501 salutem
1822 461 2092 502 necessariae.

157 517 275 566 Quod
313 518 503 559 consistit
536 518 577 558 in
616 518 681 558 his
720 517 909 558 thesibus
928 517 1193 570 capitalibus.
1230 518 1266 559 1.
1289 518 1394 559 Esse
1413 521 1498 559 tres
1516 534 1660 559 revera
1678 518 1906 568 distinctos,
1931 521 2093 573 partem

157 591 212 618 sc.
251 576 397 627 filium,
432 577 461 618 ἃ
494 576 601 630 Spir.
643 593 673 617 s.
710 592 792 617 non
817 575 1034 617 distinctos
1058 579 1104 617 ut
1124 577 1307 626 nomina,
1332 579 1405 618 aut
1422 577 1641 626 attributa,
1661 579 1734 617 aut
1753 580 1798 618 ut
1816 577 2090 630 operationes,

157 635 308 683 officia,
343 650 416 676 seu
447 650 620 676 munera
644 635 766 675 unius
784 634 1051 688 ejusdemque
1068 650 1292 689 personae;
1311 636 1383 676 sed
1405 635 1463 676 sic
1481 635 1697 676 distinctos
1722 638 1767 676 ut
1785 635 1868 676 sint
1886 637 1914 677 &
1933 636 2094 689 possint

159 693 239 734 dici
257 694 364 735 alius
388 695 416 736 &
440 693 567 734 alius:
588 693 665 734 hoc
684 695 758 734 est.
783 708 870 734 esse
889 692 1107 734 distinctas
1124 694 1383 748 hypostases.
1409 694 1449 735 2.
1466 694 1522 734 Et
1539 696 1623 734 tres
1640 694 1734 734 illos
1754 710 1800 735 ac
1818 709 2092 748 unumquem-

159 767 238 806 que
273 767 415 793 eorum
457 767 546 793 esse
585 767 713 792 111111111
750 752 870 792 11111111
898 765 1043 792 verum
1059 751 1197 793 Deum
1214 755 1456 796 creatorem,
1475 754 1818 801 conservatorem,
1844 752 1961 807 [pag.
1986 752 2092 807 468]

158 811 485 864 redemptorem;
525 825 649 864 quem
680 825 762 851 una
800 808 1004 864 religione
1037 811 1223 852 colimus.
1243 812 1281 852 3.
1301 811 1405 852 Esse
1427 811 1614 852 ordinem
1636 813 1681 851 ut
1703 811 2012 854 subsistentiae.
2036 811 2095 852 ita

159 871 188 912 &
221 869 475 923 operationis
515 869 691 910 istarum
725 869 1021 923 hypostaseon.
1054 869 1224 910 Patrem
1257 869 1345 911 scil.
1369 885 1459 910 esse
1482 871 1506 910 a
1522 869 1687 910 nemine
1705 869 1839 910 filium
1856 884 1944 910 esse
1963 871 1986 910 Ξι
2008 870 2095 911 solo

158 930 277 981 patre
320 943 394 981 per
426 927 759 982 generationen1;
805 926 913 980 Spir.
933 940 964 966 s.
984 941 1058 980 per
1078 928 1385 982 processionem
1402 931 1425 969 a
1447 930 1564 982 patre
1588 928 1616 969 Sc
1639 928 1738 968 filio.
1771 927 1878 969 Vide
1896 927 2095 982 Symbola

159 986 452 1036 Conciliorum,
494 988 522 1027 &
555 985 833 1027 Harmoniam
851 984 1181 1028 Confessionem.
1214 986 1314 1027 Alia
1332 989 1473 1027 autem
1491 986 1597 1027 ratio
1616 988 1678 1027 est
1696 986 1933 1027 adultorum
1950 987 1978 1026 81
2003 1001 2094 1039 per-

159 1045 364 1086 fectorum
401 1046 462 1095 (ut
480 1046 681 1085 vocantur
698 1045 819 1086 IIebr.
844 1043 1016 1085 5.Ρ11ῖί.
1037 1045 1095 1097 3.)
1116 1045 1366 1086 n‹1›minatim
1383 1044 1623 1095 Doctorum,
1642 1044 1847 1098 imprimis
1865 1044 1900 1085 si
1922 1045 2095 1086 ecclesia

160 1103 405 1144 haeresibus
443 1102 620 1151 θύραθεν
653 1101 941 1150 circumfundi,
979 1105 1050 1143 aut
1075 1104 1188 1145 intus
1206 1104 1370 1144 turbari
1390 1103 1576 1156 incipiat,
1601 1105 1673 1144 aut
1691 1103 1754 1143 illi
1776 1103 1981 1144 mordicus
2000 1105 2028 1146 81
2046 1118 2095 1144 ex

160 1162 347 1216 professo
380 1162 454 1202 illa
486 1160 680 1210 δευτέρας,
701 1162 956 1206 ὐπῦθεῖίκῶς,
994 1162 1022 1202 81
1056 1161 1249 1210 ἑπομένως
1282 1162 1517 1203 necessaria
1548 1164 1792 1215 oppugnent
1818 1176 1864 1202 ac
1881 1162 2094 1215 oppositos

161 1223 383 1274 conceptus
420 1221 449 1262 81
487 1220 702 1274 opiniones
740 1236 834 1262 suas
864 1218 1010 1272 cupide
1035 1218 1208 1267 εὐκαίρως
1223 1220 1386 1268 ἀκαίρως
1402 1223 1615 1275 spargant.
1646 1219 1843 1268 Quamvis
1861 1220 1972 1261 enim
1988 1221 2094 1261 idem

161 1279 481 1320 fundamentum
513 1279 609 1320 fidei
651 1278 836 1321 habe‘ant
868 1292 962 1318 cum
994 1278 1333 1332 simplicioribus,
1363 1294 1446 1319 11011
1474 1281 1615 1320 tamen
1632 1278 1676 1318 in
1697 1278 1748 1319 iis
1766 1278 2044 1332 ignorantiae,
2068 1280 2097 1320 8ῑ

161 1337 444 1378 dubitationes
461 1337 560 1378 illae
577 1337 637 1378 ita
654 1337 1015 1385 transmittendae,
1040 1340 1086 1378 ut
1099 1337 1225 1391 justis
1242 1337 1623 1391 praesumtionibus
1636 1337 1688 1378 ad
1700 1336 1934 1378 uberiorem
1945 1337 2098 1385 πρώτου

160 1396 488 1438 fundamentalis
515 1396 853 1445 declarationem,
873 1396 902 1437 &2
928 1395 1099 1444 §arem
1116 1396 1362 1437 discentiam
1385 1396 1499 1450 adigi
1520 1399 1743 1449 nequeant,
1767 1410 1818 1436 ne
1834 1395 2004 1436 tandem
2024 1409 2093 1435 ex-

162 1469 280 1496 cusso
298 1456 437 1504 πρώτῳ
454 1454 772 1504 fundamentali,
792 1456 820 1496 &
843 1455 961 1497 larva
987 1454 1254 1509 hypocriseos
1271 1455 1433 1508 abjecta
1450 1454 1627 1509 maligni
1645 1455 1674 1496 81
1691 1456 1909 1508 peccantes
1927 1453 1990 1494 illi
2011 1453 2097 1493 hu-

162 1528 297 1554 mores
329 1513 373 1553 in
406 1527 578 1567 gravem
611 1528 658 1554 ac
695 1514 974 1567 periculosum
1010 1513 1140 1554 totius
1174 1513 1443 1554 ecclesiastici
1465 1513 1647 1567 corporis
1665 1513 1857 1553 morbum
1875 1511 2097 1565 aliquando

163 1574 397 1626 erumpant.
431 1571 540 1620 Quin
563 1572 592 1613 Sc
614 1571 843 1613 Doctorum
861 1572 1053 1621 aliorum,
1071 1587 1145 1625 per
1161 1571 1386 1612 recidivam
1402 1572 1510 1613 hanc
1526 1570 1792 1626 ignorantiae
1811 1572 1839 1612 ἃ
1862 1569 2096 1611 dubitatio-

162 1630 241 1680 nis,
274 1630 474 1683 quamdiu
502 1646 550 1672 ea
572 1631 750 1679 laborat,
775 1631 1021 1685 simpliciter
1039 1631 1090 1671 ad
1108 1630 1461 1684 dispensationem
1479 1630 1774 1684 mysteriorum
1795 1629 1891 1670 fidei
1909 1629 2097 1682 ineptum

163 1691 373 1742 putamus.
394 1688 607 1736 Quomodo
626 1689 737 1730 enim
760 1705 851 1730 eam
874 1690 1017 1730 dextre
1036 1691 1064 1731 &
1082 1690 1203 1743 plene
1227 1688 1482 1742 explicabit?
1506 1688 1711 1742 quomodo
1734 1703 1825 1728 eam
1844 1687 1974 1728 solide
1993 1701 2097 1728 con-

163 1749 230 1788 tra
267 1747 526 1788 adversarios
543 1747 759 1789 tuebitur?
788 1747 1049 1801 Neutiquam
1067 1750 1207 1789 autem
1224 1747 1292 1788 hic
1308 1747 1585 1801 intelligimus
1603 1761 1676 1800 per
1694 1747 1845 1799 dogma
1863 1745 2097 1794 Trinitatis,

163 1808 235 1847 aut
253 1806 306 1847 ad
326 1805 431 1846 illud
452 1805 600 1847 referri
617 1806 803 1860 patimur
824 1806 953 1847 falsas
976 1806 1236 1859 quorundam
1258 1806 1530 1859 hypotheses;
1556 1806 1731 1846 audaces
1754 1804 1782 1844 ἃ
1804 1804 1984 1844 incertas
2001 1818 2095 1844 con-

158 1865 343 1918 jecturas
374 1864 513 1917 potius
546 1879 671 1918 quam
705 1865 977 1912 assertiones3
1003 1866 1265 1914 argumenta,
1290 1864 1323 1903 si
1347 1879 1453 1917 quae
1471 1866 1568 1904 sunt
1585 1863 1808 1915 nugatoria
1826 1864 1854 1904 ἃ
1871 1861 2098 1903 straminea

163 1922 315 1976 quibus
338 1937 463 1964 causa
480 1923 617 1976 potius
634 1923 743 1964 tradi
762 1923 937 1970 videtur,
958 1937 1083 1976 quam
1101 1922 1289 1971 defendi3
1309 1922 1625 1974 inexplicabiles
1644 1921 1672 1962 St
1695 1936 1824 1961 vanas
1841 1920 2098 1961 subtilitates

164 1981 316 2035 quibus
349 1981 507 2034 seipsos
539 1982 758 2035 implicant
793 1981 929 2034 magis
963 1996 1088 2034 quam
1127 1981 1354 2034 explic-anm
1393 1980 1506 2028 Quae
1525 1979 1664 2021 onmia
1681 1986 1883 2032 tanquam
1900 1979 2098 2019 naevos&

166 2042 347 2081 strumas
381 2042 404 2080 a
441 2042 667 2094 systemate
700 2040 729 2081 &⁷
761 2055 930 2094 corpore
948 2040 1073 2093 hujus
1095 2039 1305 2079 doctrinae
1329 2039 1638 2092 distinguimus.
1678 2037 1868 2085 Quantus
1887 2039 2027 2078 autem
2044 2036 2099 2076 sit

165 2113 280 2139 error
312 2113 455 2139 eorum
487 2099 558 2152 qui
594 2099 697 2140 talia
720 2102 885 2153 urgent,
904 2101 976 2139 aut
999 2098 1093 2138 aliis
1110 2101 1311 2150 tanquam
1334 2097 1467 2150 primo
1486 2099 1558 2137 aut
1577 2097 1753 2136 secundo
1775 2095 2008 2136 necessaria
2026 2095 2098 2135 ob·
2151 2122 2160 2127 -

165 2157 352 2206 trudunt,
390 2157 458 2197 hic
495 2172 577 2197 non
616 2160 678 2198 est
702 2157 863 2198 dicendi
882 2157 1009 2198 locus.
1043 2156 1209 2197 Sufficit
1227 2156 1295 2196 1110
1312 2155 1615 2209 preecognosci,
1634 2170 1717 2195 non
1735 2169 1824 2194 esse
1841 2153 1915 2194 illa
1937 2155 2098 2207 partem

167 2217 239 2256 aut
256 2215 527 2268 appendicem
548 2215 672 2269 hujus
690 2215 964 2264 fundamenti,
984 2215 1133 2255 nedum
1148 2214 1404 2268 ipsissimum
1416 2213 1727 2254 fumlamentale
1740 2213 1864 2265 hujus
1877 2211 2098 2265 dogmatis.

166 2272 221 2314 ΙΙ.
255 2273 454 2322 Secundo,
477 2274 757 2315 necessarium
774 2274 843 2315 1110
861 2274 960 2315 dicit
984 2273 1276 2314 necessitatem
1294 2272 1401 2313 finis.
1434 2272 1579 2313 Potest
1602 2273 1741 2312 autem
1760 2286 1807 2311 ea
1824 2270 2006 2323 intelligi
2023 2270 2098 2310 du—

168 2331 334 2385 pliciter
354 2332 391 2372 1.
410 2332 475 2372 vel
493 2332 720 2373 necessitas
736 2332 1007 2386 professionis
1024 2333 1268 2386 dogmatum
1286 2332 1337 2372 ad
1355 2333 1568 2371 externam
1591 2329 1785 2370 unionem
1798 2330 1826 2370 ἃ*
1843 2327 2098 2369 00111111111110-

167 2404 263 2430 nem
281 2390 617 2437 ecclesiasticam,
635 2390 678 2430 in
696 2393 880 2440 externa,
904 2390 1072 2438 visibili,
1097 2391 1125 2432 St
1154 2389 1398 2444 particulari
1417 2388 1600 2429 ecclesia.
1621 2389 1659 2428 2.
1680 2387 1744 2427 vel
1762 2387 1986 2427 necessitas
2004 2386 2100 2426 fidei

168 2448 345 2489 istorum
362 2449 606 2502 dogmatum
626 2449 677 2489 ad
695 2449 1027 2490 communionem
1043 2448 1252 2489 internam
1270 2449 1298 2490 81
1316 2447 1569 2487 invisibilem
1587 2461 1680 2487 cum
1694 2445 1874 2493 Christo,
1888 2447 1916 2486 ἃ
1931 2447 2099 2499 aeterna

170 2507 305 2547 salute
338 2522 413 2560 per
434 2507 590 2560 ipsun1;
615 2522 687 2547 seu
709 2522 803 2548 cum
819 2507 898 2548 Dei
917 2507 1056 2562 gratia
1074 2508 1102 2548 81
1125 2506 1272 2561 gloria.
1297 2505 1619 2546 Distinctionem
1636 2504 1743 2545 lianc
1760 2503 1949 2556 pluribus
1966 2502 2099 2555 expli-

170 2564 342 2615 cuimus,
361 2566 391 2607 &
408 2565 677 2619 probavimus
694 2565 737 2605 in
753 2566 871 2619 Disp.
890 2566 938 2607 de
954 2565 1147 2606 Articulis
1168 2564 1208 2606 a·
1226 2564 1435 2605 erroribus
1453 2562 1846 2617 [cinclanwmalibas.
1866 2561 2100 2615 Opponitur

171 2625 312 2664 autem
336 2623 569 2664 necessario
587 2638 660 2664 seu
682 2623 987 2665 fundamentali
1005 2623 1192 2677 dogmati
1210 2638 1259 2663 ex
1282 2637 1405 2663 sensu
1423 2620 1755 2662 alvei-sariorum
1771 2619 1956 2660 doctrina
1974 2634 2097 2672 quae·

170 2681 275 2722 libet
307 2681 564 2736 Theologica
591 2681 727 2722 minus
760 2682 1025 2736 principalis:
1054 2681 1138 2722 sive
1157 2696 1204 2722 ea
1227 2680 1280 2721 sit
1297 2679 1596 2733 problematica
1613 2679 1656 2719 in
1675 2678 1828 2719 scholis
1847 2680 1876 2720 ἃ
1894 2677 2097 2719 ecclesiis:

170 2740 219 2780 de
241 2754 324 2794 qua
340 2755 414 2794 per
430 2740 670 2781 libertatem
688 2740 963 2794 prophetandi
987 2740 1111 2780 liceat
1128 2739 1171 2779 in
1189 2738 1392 2779 utramvis
1413 2740 1576 2791 partem
1593 2737 1777 2778 modeste
1800 2736 1954 2778 sentire
1971 2736 2000 2777 ἃ
2022 2750 2096 2789 pro

171 2811 215 2840 re
231 2800 332 2840 nata
353 2798 488 2840 dicere
503 2813 511 2847 ;
535 2799 621 2840 sive
640 2799 791 2840 saltem
807 2798 863 2839 sit
878 2797 989 2848 talis,
1008 2798 1057 2838 de
1075 2811 1157 2851 qua
1174 2796 1253 2838 etsi
1269 2811 1363 2838 cum
1381 2795 1666 2837 aedificatione
1678 2795 1873 2837 ecclesiae
1885 2795 1929 2836 in
1940 2796 2099 2858 utram-

2036 2865 2100 2893 Vis
