2399 3084
556 542 1218 622 DISPUTATIO
1271 541 1768 624 SEPTIMA.

350 726 1026 790 PROBLEMATUM
1072 727 1187 788 DE
1226 727 1561 791 MERITO
1602 728 1953 793 cHffls'rl

1003 841 1110 874 PARS
1135 842 1280 874 PRIMA.
1307 843 1334 884 ¹)

227 951 289 992 De
322 950 473 993 Christi
504 951 647 992 merito
679 951 815 992 acturi
847 952 879 993 Ι.
917 952 1190 1006 Praecoqnita
1223 951 1428 1007 quaedam
1459 953 1782 1007 praemittemus,
1818 954 1872 997 ll.
1910 954 2080 997 Contro-

904 1011 1059 1052 versias
1091 1011 1400 1053 recensebimus.

247 1131 287 1175 l.
321 1131 522 1173 Meritum
556 1130 627 1173 Gr.
660 1130 749 1182 ἀξία
779 1135 843 1174 est
875 1133 1127 1174 vocabulum
1144 1137 1221 1171 τῶν
1240 1133 1386 1183 μέσων,
1408 1135 1437 1176 δι
1460 1148 1591 1187 aeque
1614 1134 1865 1187 dignitatem
1883 1150 2057 1189 poenae,
2080 1150 2127 1176 ac

186 1191 362 1244 praemii
391 1191 615 1246 significat,
639 1193 685 1232 ut
707 1194 855 1232 notant
876 1191 903 1232 ,J
914 1191 998 1234 CO.
1021 1191 1272 1233 Scholastici
1294 1192 1547 1247 dignitatem
1569 1207 1726 1246 poenae.
1744 1194 1916 1247 speciali
1936 1209 2031 1235 voce
2051 1209 2126 1248 ap-

185 1249 345 1302 pellant
377 1249 639 1291 demeritum.
673 1249 744 1291 Est
781 1257 918 1292 autem
941 1251 1137 1292 meritum
1168 1265 1271 1305 opus
1300 1252 1563 1305 praestitam,
1589 1252 1658 1293 cui
1683 1252 1907 1294 secundum
1918 1253 2126 1306 justitiam

184 1308 394 1350 distributi
399 1322 491 1349 vam
522 1322 672 1350 merces
703 1308 784 1350 sive
799 1309 1012 1350 retributio
1034 1310 1148 1363 operi
1165 1310 1482 1364 proportionata
1500 1310 1680 1351 debetur.
1714 1309 1829 1351 Inter
1845 1309 2127 1352 Scholasticos

191 1366 366 1408 Thomas
398 1374 506 1420 part.
537 1371 575 1408 3.
608 1375 763 1422 quaest.
803 1368 873 1408 49.
905 1369 1021 1409 artic.
1046 1368 1084 1409 6.
1119 1368 1276 1419 definit,
1311 1368 1531 1416 actionem,
1549 1369 1807 1422 quajustum
1825 1371 1901 1420 est,
1919 1372 1965 1410 ut
1982 1370 2126 1424 agenti

184 1425 345 1478 aliquid
377 1425 510 1466 detur.
544 1425 686 1468 Scotus
721 1426 777 1468 acl
809 1428 848 1466 3.
887 1427 979 1468 dist.
1016 1426 1082 1467 18.
1113 1425 1313 1468 Meritum
1333 1430 1396 1468 est
1414 1427 1583 1480 aliquod
1600 1430 1862 1481 acceptatum
1880 1428 1922 1468 in
1939 1428 2034 1476 alio,
2051 1443 2126 1481 pro

185 1498 266 1537 quo
299 1484 350 1524 ab
389 1486 632 1538 acceptante
665 1487 728 1525 est
765 1484 924 1538 aliquid
941 1485 1259 1526 retribuendum
1281 1486 1357 1535 illi,
1376 1485 1419 1526 in
1438 1500 1519 1539 quo
1538 1488 1601 1526 est
1619 1486 1739 1539 quasi
1757 1486 1945 1527 debitum
1967 1487 2030 1527 illi
2052 1501 2127 1540 pro

183 1542 257 1583 illo
294 1542 457 1594 merito,
493 1543 558 1584 vel
579 1542 701 1584 alteri
718 1558 793 1597 pro
811 1558 892 1597 quo
913 1544 1080 1584 meruit.
1114 1543 1373 1598 Argentina:
1392 1544 1629 1598 praemium
1647 1544 1834 1585 debitum
1857 1545 1993 1598 operis
2011 1545 2128 1586 inde-

184 1601 276 1642 biti.
298 1602 468 1643 Gerson.
484 1609 591 1655 part.
610 1601 650 1643 4.
668 1602 715 1643 in
736 1603 925 1657 descript.
945 1610 1015 1644 ter.
1032 1603 1088 1644 ad
1111 1603 1295 1654 Theoloq.
1313 1603 1403 1645 util.
1436 1602 1515 1643 Est
1542 1605 1658 1644 actus
1676 1603 1900 1644 laudabilis
1917 1603 2053 1645 factus
2076 1605 2127 1644 ad

183 1659 342 1700 bonum
375 1660 548 1701 alterius
570 1661 666 1701 vere
701 1661 765 1702 vel
789 1661 1107 1714 interpretative
1135 1676 1208 1702 seu
1224 1661 1475 1715 reputative,
1499 1664 1546 1702 ut
1563 1676 1597 1702 e.
1616 1675 1678 1716 gr.
1699 1662 1750 1702 ad
1767 1661 1923 1703 bonum
1940 1661 2035 1713 Dei,
2053 1663 2126 1716 qui

184 1717 293 1759 bono
324 1721 468 1759 nostro
500 1733 582 1759 non
614 1718 788 1773 indiget.
821 1718 903 1760 Sed
934 1719 1153 1760 mittamus
1171 1719 1526 1761 Scholasticorum
1549 1720 1860 1773 disquisitiones
1876 1721 1927 1761 de
1944 1721 2126 1762 essentia

184 1776 339 1827 meriti,
372 1776 504 1830 deque
537 1777 721 1831 ejusdem
753 1777 905 1827 radice,
933 1779 963 1820 &
994 1778 1348 1829 distinctionibus,
1368 1778 1542 1819 remisso
1560 1777 1731 1819 Lectore
1751 1778 1803 1819 ad
1818 1779 2127 1820 recentissimos

191 1835 368 1876 Tltomae
398 1843 732 1877 commentatores
765 1837 836 1877 loc.
869 1836 931 1877 cit.
976 1837 1202 1878 Valentiam
1235 1836 1338 1886 scil.,
1381 1837 1574 1891 Vasquez,
1609 1837 1792 1887 Zwarez,
1831 1837 2022 1892 Sylvium
2048 1836 2122 1880 ἃὉ.

185 1896 258 1934 aut
281 1894 332 1934 ad
351 1894 656 1936 Bellarminum
679 1894 746 1936 lib.
781 1895 821 1935 5.
854 1895 902 1935 cle
922 1895 1092 1951 Justific.
1121 1908 1209 1948 cap.
1232 1896 1297 1935 10.
1321 1893 1393 1936 ‹St-e.
1427 1894 1724 1935 conferendum
1756 1909 1848 1935 cum
1875 1895 2125 1937 doctissimis

184 1952 263 1993 hac
279 1952 323 1992 in
341 1955 459 2006 parte
478 1951 823 2006 Disputatoribus
846 1952 1098 2004 reformatis,
1117 1954 1258 1994 Ferrio
1276 1953 1378 2003 soil„
1397 1953 1592 1995 Scltolast.
1614 1953 1785 1995 Orthod.
1803 1967 1889 2006 cap.
1909 1954 1977 1995 33.
2012 1955 2125 1995 Mor-

186 2019 279 2052 tono
301 2011 347 2052 in
363 2011 554 2053 Antidoto
571 2018 713 2053 contra
731 2012 924 2053 Meritum
947 2010 1020 2053 ac.
1043 2026 1131 2066 cap.
1154 2012 1191 2053 1.
1207 2012 1237 2053 8v
1255 2013 1307 2060 2.;
1326 2011 1576 2053 Davecantio
1598 2012 1644 2052 in
1661 2019 1773 2053 tract.
1792 2012 1841 2052 (le
1861 2013 2025 2054 lustitia
2050 2011 2123 2054 θέο.

185 2083 273 2122 cap.
293 2069 360 2110 53.
380 2069 449 2111 54.
471 2068 543 2111 ἃὉ.
562 2070 725 2111 Amesio
741 2071 786 2111 in
803 2071 1047 2112 Bellarmin.
1067 2071 1261 2112 Enervat.
1290 2071 1481 2112 Meritum
1507 2070 1659 2112 Christi
1675 2070 1742 2125 (de
1759 2084 1840 2123 quo
1858 2070 1978 2111 nobis
1995 2085 2125 2125 agen-

186 2127 302 2180 dum)
334 2135 388 2169 est
413 2129 709 2183 perfectissima
727 2128 967 2179 obedientia,
985 2130 1068 2184 qua
1087 2130 1173 2183 ipse
1190 2136 1330 2170 nostro
1349 2131 1431 2171 loco
1453 2136 1656 2183 tanquam
1673 2128 1859 2182 Sponsor
1866 2129 2052 2182 justitiae
2069 2131 2123 2171 le-

184 2186 247 2240 qis
278 2186 443 2228 divinae
469 2188 587 2240 plene
607 2188 812 2242 satisfecit,
830 2187 1026 2243 nobisque
1041 2188 1323 2229 remissionem
1338 2195 1597 2242 peccatorum
1617 2185 1658 2228 a
1673 2187 1968 2228 absolutionem
1985 2201 2057 2229 seu
2073 2189 2124 2229 li-

185 2245 378 2286 bertatem
395 2246 421 2285 a
437 2246 731 2297 maledictione,
748 2253 869 2301 atque
884 2260 972 2288 una
975 2247 1198 2300 justitiam,
1216 2245 1257 2287 ἃ
1264 2247 1339 2300 J'us
1354 2246 1729 2301 possessionemque
1742 2246 1845 2286 vitae
1860 2253 2049 2288 aeternae
2058 2260 2125 2288 ac-

186 2302 370 2358 quisivit.
402 2302 568 2344 Dicitur
595 2304 678 2345 alio
699 2304 867 2345 nomine
889 2304 1135 2346 satisfactio.
1169 2304 1237 2345 Ad
1254 2305 1444 2345 homines
1462 2305 1642 2345 relatum
1660 2304 1701 2344 in
1719 2302 1936 2357 Scriptura
1951 2319 2011 2357 gr.
2030 2305 2126 2346 dici-

185 2364 255 2402 tur
276 2359 405 2399 ἱκκνὶν
420 2367 580 2405 mentm
599 2363 726 2404 Marc.
748 2364 813 2404 15.
836 2364 927 2404 15.:
959 2364 1076 2416 cujus
1103 2363 1213 2404 vocis
1232 2362 1483 2417 significatio
1505 2363 1616 2416 apud
1636 2361 1744 2403 JCC.
1764 2363 2012 2416 quaerenda.
2036 2362 2125 2404 No-

185 2420 360 2461 tandum
392 2419 711 2474 satisfactionem
743 2421 901 2462 Christi
925 2436 1062 2475 saepe,
1091 2421 1126 2462 si
1144 2436 1227 2462 non
1244 2421 1490 2475 plerumque
1508 2421 1618 2474 apud
1639 2420 1876 2474 Theologos
1894 2421 2037 2462 stricte
2054 2437 2122 2463 ac-

186 2478 268 2532 cipi
299 2493 376 2533 pro
408 2481 532 2519 causa
565 2479 794 2532 acquisitae
811 2479 1092 2521 immunitatis
1111 2495 1181 2521 seu
1201 2479 1463 2520 liberationis
1486 2481 1510 2520 a
1526 2479 1670 2533 poenis
1687 2481 1973 2532 peccatorum3
1992 2481 2021 2522 St
2037 2494 2122 2522 me-

185 2538 317 2579 ritum
334 2552 410 2591 pro
427 2551 552 2578 causa
574 2537 803 2590 acquisitae
816 2538 1007 2592 justitiae
1025 2538 1200 2590 activae,
1219 2539 1248 2580 St
1265 2553 1339 2592 per
1357 2553 1446 2579 eam
1461 2538 1567 2591 juris
1585 2537 1704 2592 [pag.
1724 2537 1830 2592 229]
1849 2537 1960 2578 vitae
1978 2541 2121 2579 aeter—

185 2610 276 2636 nae.
311 2595 419 2637 Sunt
451 2595 579 2637 etiam
611 2595 738 2650 (inter
769 2610 872 2649 quos
905 2597 1113 2650 Amesius)
1146 2597 1218 2650 qui
1241 2599 1389 2637 notant
1420 2611 1546 2636 unam
1569 2597 1825 2648 eandemque
1841 2596 2121 2638 obedientiam

187 2653 345 2695 Christi
377 2654 695 2708 satisfactionem
729 2654 809 2695 dici
841 2655 884 2696 in
906 2656 1048 2696 ordine
1066 2655 1118 2696 ad
1135 2654 1285 2705 Deum,
1304 2655 1421 2709 cujus
1433 2654 1623 2708 justitiae
1646 2655 1675 2696 a
1692 2654 1778 2708 legi
1795 2654 1966 2703 satisfit;
1984 2655 2014 2696 St
2035 2669 2120 2696 me-

185 2712 329 2764 ritum,
348 2711 391 2753 in
409 2713 553 2754 ordine
570 2713 622 2753 ad
638 2726 727 2764 nos,
750 2727 825 2766 pro
848 2713 1000 2766 quibus
1028 2713 1188 2767 aliquid
1205 2713 1457 2767 acquisitum
1485 2715 1560 2753 est.
1595 2712 1724 2754 Porro
1741 2726 1834 2753 cum
1851 2713 2049 2754 meritum
2066 2714 2121 2755 sit

2071 2786 2120 2812 ex

231 2879 257 2918 ¹)
281 2879 381 2920 Resp.
408 2880 520 2911 Perae
544 2879 725 2919 MONTANO,
751 2878 1058 2910 Amstelo-Batavo.
1083 2879 1139 2910 Act
1163 2879 1258 2911 diem
1283 2878 1337 2911 31.
1364 2879 1457 2919 Maji,
1484 2877 1590 2909 Anno
1618 2876 1712 2909 1650.
