2399 3084
296 92 380 133 344
738 85 1812 130 D1sp.XlI.DELEGnmE1JANGm10.

295 214 474 256 foederis
500 213 677 269 gratiae,
706 210 878 262 Christi,
907 210 1018 262 fidei,
1051 208 1202 252 salutis
1238 208 1359 251 nobis
1395 223 1518 264 pares
1560 208 1733 251 fuerunt
1767 208 1902 252 Galat.
1937 208 1977 250 3.
2013 220 2052 249 v.
2086 206 2126 248 6.
2146 205 2185 246 7.
2204 205 2244 248 8.

297 273 422 316 Hebr.
459 273 527 314 11.
562 286 598 313 v.
635 272 675 312 2.
708 271 747 312 2.
786 270 876 312 Cor.
912 270 952 310 4.
984 283 1021 312 v.
1051 271 1118 310 13.
1142 268 1278 310 Actor.
1300 268 1368 310 15.
1384 282 1420 310 v.
1448 269 1514 309 11.
1548 267 1665 310 Ηο00
1682 270 1825 309 autem
1840 266 1884 308 in
1901 266 1989 309 solo
2007 263 2246 320 Euangelio

296 332 482 374 revelata
515 331 544 373 &
576 329 781 385 promissa
814 331 933 379 sunt3
965 343 1065 384 ergo
1086 327 1330 370 habuerunt
1347 327 1377 369 81
1393 326 1476 369 fuit
1497 329 1599 369 tunc
1614 325 1817 381 temporis
1835 324 2133 381 Euangelium.
2166 321 2248 364 Sed

298 390 509 443 objicitur.
2281 432 2283 434 ¹

360 451 395 490 1.
435 449 579 504 object.
622 448 754 502 Atqui
788 447 1039 502 complures,
1078 446 1114 488 si
1139 460 1224 487 non
1240 445 1431 500 plerique
1449 447 1591 487 textus
1613 445 1666 488 V.
1691 444 1740 488 Τ.
1759 444 1795 487 01
1812 445 2025 501 legantur,
2045 460 2120 501 per
2137 460 2181 487 se
2198 445 2247 486 de

299 508 457 550 Christi
472 522 664 562 persona,
686 506 839 557 officio,
858 509 1036 560 utroque
1055 508 1169 547 statu
1186 505 1257 546 vix
1276 505 1471 547 videntur
1488 504 1622 559 accipi
1638 519 1774 559 posse,
1792 504 1829 545 si
1842 504 2053 546 literalem
2065 519 2248 556 sensum,

299 568 371 622 qui
388 568 500 609 solus
520 570 584 608 est
603 565 972 617 demonstrativus,
995 565 1292 619 respiciamus:
1315 563 1395 605 nisi
1418 563 1472 606 N.
1493 563 1541 605 Τ.
1562 564 1767 605 autoritas
1785 563 1815 605 &
1832 563 2056 618 explicatio
2078 563 2246 605 accede·

299 630 375 668 ret.
409 626 530 680 Resp.
552 626 588 666 1.
609 624 755 666 Manet
772 625 938 675 saltem,
961 626 1120 665 certam
1143 625 1171 666 81
1189 623 1426 665 evidentem
1444 637 1534 664 esse
1551 623 1739 664 locorum
1761 621 1814 664 V.
1833 621 1882 663 Τ.
1907 622 2246 677 explicationem,

299 686 409 740 apud
442 699 583 726 omnes
601 684 674 739 qui
691 683 931 725 Christiano
950 682 1118 724 nomine
1141 682 1440 737 comprehendi
1462 682 1609 723 volunt
1631 683 1660 724 81
1679 681 1948 723 autoritatem
1969 681 2174 723 librorum
2189 679 2247 723 N.

300 745 347 786 T.
367 744 619 786 admittunt:
640 743 785 797 quales
808 745 906 783 sunt
923 741 1137 783 Sociniani
1155 743 1184 784 81
1202 740 1564 782 Remonstrantes.
1590 739 1710 789 Quod
1727 740 1780 781 ad
1796 739 1824 782 J
1827 740 1994 790 udaeos,
2015 740 2206 794 aliosque
2223 741 2247 781 0

300 804 379 845 11(Ιο
416 803 534 859 [pag.
570 802 647 858 21]
687 804 921 852 extraneos,
940 816 1035 842 cum
1051 801 1137 842 illis
1157 800 1368 855 agendum
1386 800 1584 841 methodo
1601 799 1804 841 hactenus
1822 799 1924 841 trita
1943 801 1972 842 81
1988 801 2156 853 recepta
2179 798 2246 855 (de

300 866 382 917 qua
403 862 447 902 111
468 862 504 902 1.
519 869 630 916 part.
647 862 770 903 select.
791 860 925 914 dispp.
952 860 1009 901 ιὶι.
1030 859 1078 902 de
1094 859 1285 902 Adventu
1303 859 1485 910 Messiae,
1503 858 1543 901 ἃ·
1559 859 1608 900 de
1625 858 1886 914 Judaismo);
1905 859 1957 900 ad
1974 872 2102 912 quam
2118 857 2247 900 etiam

300 920 511 964 Sociniani
533 920 563 962 81
582 919 929 961 Remonstrantes
948 919 999 960 ob
1019 919 1262 960 affectatum
1279 918 1309 960 81
1327 921 1562 960 assumtum
1580 917 1755 959 titulum
1773 916 2086 959 Christianismi
2100 919 2247 959 tenen-

300 984 382 1022 tur.
419 981 536 1034 Resp⁴
573 979 610 1019 2.
647 977 693 1020 Si
725 977 899 1028 00110100,
932 992 1009 1019 1100
1045 980 1135 1019 tam
1167 978 1381 1020 evidenter
1413 979 1539 1031 atque
1558 976 1754 1028 ubertim,
1778 990 1826 1017 ac
1841 976 1886 1017 in
1902 976 2023 1017 libris
2041 975 2096 1017 N.
2120 975 2169 1016 Τ.
2187 974 2248 1016 1101

305 1039 462 1093 scripta
495 1041 614 1088 sunt3
633 1038 745 1078 hunc
768 1039 908 1078 tamen
926 1037 1160 1092 genuinum
1178 1052 1267 1078 esse
1285 1051 1454 1078 sensum
1473 1051 1523 1077 ex
1540 1035 1762 1077 ordinariis
1782 1049 1866 1076 non
1882 1037 2049 1076 tantum
2071 1033 2249 1076 doctori—

302 1099 380 1139 bus
414 1097 609 1153 (Malach.
628 1097 665 1136 2.
685 1110 720 1137 υ,
747 1096 789 1151 7)
813 1096 885 1137 sed
900 1095 1110 1150 imprimis
1129 1096 1259 1137 etiam
1280 1095 1325 1136 in
1342 1110 1440 1137 casu
1459 1094 1735 1136 dubitationis
1754 1108 1805 1135 ex
1822 1094 1917 1135 viva
1939 1108 2037 1135 voce
2056 1094 2084 1136 &
2103 1095 2248 1134 extra-

303 1156 512 1199 ordinario
548 1155 852 1210 prophetarum
884 1154 1120 1196 ministerio
1156 1155 1300 1196 fideles
1319 1154 1476 1195 habere
1494 1155 1741 1208 potuerant:
1761 1153 1878 1207 cujus
1896 1152 2138 1194 assistentia
2154 1153 2250 1206 post

304 1230 519 1258 excessum
560 1214 860 1268 Apostolorum
896 1214 1011 1255 deest
1040 1213 1254 1255 Ecclesiae
1271 1213 1327 1255 N.
1346 1212 1395 1255 T.
1415 1214 1685 1267 compensata
1702 1211 1791 1253 scil.
1809 1226 1884 1266 per
1902 1211 2202 1261 extensionem,
2221 1211 2251 1253 &

304 1274 605 1317 evidentiorem
638 1272 822 1324 canonis,
855 1287 930 1327 per
957 1287 1168 1314 accessum
1184 1273 1392 1314 librorum
1408 1271 1464 1313 N.
1488 1271 1537 1313 T.
1560 1270 1988 1313 consummationem:
2008 1269 2132 1311 sicuti
2153 1284 2250 1311 con-

305 1333 483 1376 tractius
522 1334 550 1375 81
585 1332 724 1373 minus
758 1331 926 1373 evidens
960 1332 1130 1373 canonis
1169 1331 1222 1374 V.
1255 1331 1304 1373 Τ.
1338 1332 1497 1382 111111011,
1514 1345 1590 1385 per
1605 1329 1741 1371 facem
1761 1330 2064 1385 prophetarum
2085 1330 2115 1372 &
2132 1328 2252 1370 vivae

305 1394 416 1434 vocis
435 1392 615 1440 oracula,
634 1390 823 1444 aequalis
841 1390 1050 1445 scriptura
1068 1390 1322 1442 autoritatis,
1346 1391 1664 1444 compensatum
1685 1388 1780 1430 fuit.

366 1454 405 1493 2.
443 1451 588 1505 Objece.
619 1449 717 1490 Non
750 1451 914 1490 constat
944 1449 1174 1491 formulam
1210 1449 1308 1491 fidei
1340 1448 1605 1491 Christianae
1638 1450 1785 1489 notam
1801 1449 1875 1489 aut
1891 1449 2105 1502 receptam
2121 1445 2252 1487 fuisse

306 1510 565 1552 Patriarchis
583 1510 612 1551 81
628 1508 828 1550 Εο0100110
848 1507 1231 1550 patriarchalibus:
1251 1509 1360 1549 unde
1379 1507 1491 1549 enim
1506 1507 1586 1549 hoc
1599 1521 1648 1548 ex
1662 1506 1809 1561 primis
1822 1505 2030 1560 capitibus
2045 1505 2253 1547 Geneseos

305 1569 529 1611 historiam
561 1567 760 1609 ecclesiae
788 1567 878 1621 jam
894 1567 990 1608 inde
1009 1569 1033 1609 0
1049 1568 1172 1621 lapsu
1190 1582 1322 1622 usque
1345 1567 1397 1608 ad
1417 1565 1710 1608 Abrahamum
1732 1565 2062 1615 continentibus,
2080 1563 2252 1619 probari

306 1630 460 1684 posset.
480 1628 596 1682 Resp.
617 1627 666 1668 de
688 1625 871 1667 formula
889 1627 918 1668 81
935 1626 1015 1667 fide
1032 1626 1371 1681 patriarcharum
1388 1625 1605 1667 indefinite
1628 1624 1701 1676 ibi,
1725 1623 1889 1666 collatis
1911 1623 2097 1665 textibus
2115 1622 2170 1666 N.
2189 1621 2253 1674 Τ.,

309 1687 452 1743 (Hebr.
488 1686 554 1727 11.
589 1685 771 1728 Jolmnn.
802 1685 843 1726 8.
860 1686 942 1736 &c.)
961 1685 1063 1726 satis
1080 1685 1259 1726 historia
1276 1700 1350 1726 nos
1369 1685 1533 1726 edocet:
1553 1683 1625 1725 sed
1641 1683 1733 1737 ipsa
1751 1682 1852 1724 fides
1870 1697 2028 1733 eorum,
2047 1697 2121 1724 seu
2143 1684 2255 1724 cate-
2294 1734 2298 1737 -

309 1746 470 1788 chesios
503 1747 576 1786 aut
608 1743 882 1786 confessionis
916 1744 1099 1785 formula
1116 1744 1159 1785 in
1176 1743 1314 1798 specie
1331 1748 1359 1783 81
1377 1743 1548 1785 definite
1570 1757 1618 1784 ac
1639 1756 1714 1796 per
1730 1744 1872 1796 partes
1894 1756 1978 1783 non
1996 1741 2253 1795 explicatur:

308 1805 389 1847 hoc
422 1803 533 1845 enim
564 1802 731 1858 proprie
763 1817 846 1844 non
879 1807 942 1844 est
967 1803 1171 1844 historici.
1208 1802 1328 1845 Unde
1347 1802 1600 1857 colligimus,
1617 1815 1701 1842 non
1718 1801 1820 1842 satis
1838 1802 1958 1842 caute
1975 1801 2004 1843 &
2022 1801 2213 1842 accurate
2232 1802 2256 1841 0

309 1863 523 1905 nonnullis
563 1862 691 1903 videri
723 1862 1007 1916 praesupponi
1039 1865 1112 1903 aut
1130 1862 1275 1913 statui,
1298 1862 1425 1903 fidem
1443 1876 1490 1902 ac
1512 1859 1797 1916 cognitionem
1819 1860 2049 1901 salutarem
2067 1858 2256 1900 Patriar-

311 1923 486 1964 charum
517 1920 685 1972 Adami,
710 1919 844 1972 Sethi,
863 1920 1025 1972 Enoch,
1044 1921 1110 1963 810.
1128 1921 1334 1975 paulatim
1355 1935 1405 1962 ex
1421 1919 1562 1974 parvis
1585 1920 1614 1962 81
1631 1918 1818 1960 obscuris
1835 1918 1968 1959 initiis
1990 1931 2256 1973 progressam

312 1981 541 2023 successive
573 1980 749 2021 crevisse
783 1981 812 2022 &
845 1982 1062 2021 extensam
1093 1995 1197 2031 esse,
1229 1982 1356 2034 prout
1377 1994 1444 2021 res
1461 1978 1703 2028 credendae,
1722 1978 1771 2018 de
1788 1977 1942 2032 quibus
1958 1979 2101 2018 tacent
2117 1976 2258 2030 priora

312 2041 451 2095 capita
470 2038 692 2090 Geneseos,
709 2038 917 2092 paulatim
935 2039 1209 2092 sequentibus
1232 2038 1454 2093 capitibus,
1477 2039 1525 2078 ut
1542 2036 1671 2078 etiam
1687 2036 1961 2090 sequentibus
1979 2035 2113 2087 libris,
2141 2035 2258 2076 modo

311 2100 410 2141 illae
427 2099 548 2140 modo
569 2098 675 2139 istae
694 2112 768 2151 per
789 2098 1049 2139 occasionem
1065 2098 1238 2140 fuerunt
1260 2098 1447 2139 detectae
1470 2097 1500 2139 81
1515 2095 1739 2137 revelatae.
1757 2095 1877 2145 Quod
1897 2094 1932 2136 si
1949 2094 2044 2149 quis
2061 2093 2260 2136 articulos

313 2158 410 2200 fidei
442 2159 471 2200 81
508 2156 720 2211 euangelii
757 2159 804 2197 ut
837 2158 866 2199 81
883 2157 1168 2212 cognitionem
1185 2155 1530 2198 patriarcharum
1546 2169 1641 2196 cum
1657 2153 1836 2195 historia
1854 2168 1998 2196 eorum
2015 2152 2260 2207 compendio

314 2216 461 2272 primis
480 2231 585 2270 capp
618 2215 828 2256 Geneseos
840 2216 1066 2270 perstricta
1081 2215 1174 2270 pari
1195 2230 1322 2270 passu
1343 2215 1404 2256 ire
1421 2215 1451 2257 81
1467 2213 1677 2268 reciproce
1695 2212 1882 2254 converti
1898 2212 2014 2263 velit,
2032 2211 2154 2266 quasi
2171 2211 2259 2253 scil.

314 2276 422 2317 nihil
454 2274 652 2316 sciverint
685 2277 757 2315 aut
774 2274 1038 2327 crediderint,
1058 2277 1132 2316 aut
1147 2275 1265 2316 nulla
1285 2272 1450 2322 γνωστὰ
1468 2274 1497 2316 81
1518 2270 1710 2310 mrtem-oi
1726 2271 1829 2326 ipsis
1850 2270 2066 2326 proposita
2087 2269 2260 2322 fuerint,

316 2349 442 2389 quam
461 2348 566 2388 quae
579 2333 755 2374 historia
771 2333 859 2374 illic
877 2336 1095 2375 enumerat
1113 2335 1142 2376 81
1159 2333 1381 2388 indigitat:
1396 2333 1485 2387 jam
1501 2331 1613 2373 idem
1631 2331 1679 2372 de
1695 2330 1934 2386 cognitione
1952 2329 2076 2385 Legis
2089 2328 2261 2370 moralis

320 2395 426 2435 esset
459 2392 768 2433 affirmandum.
803 2392 921 2441 Quod
939 2392 1287 2434 absurdissimum
1309 2394 1385 2433 est.
1420 2390 1522 2440 Quis
1545 2390 1656 2432 enim
1680 2404 1730 2431 ex
1745 2388 1923 2431 historia
1945 2387 2261 2430 antediluviana

319 2454 341 2493 a
361 2453 501 2494 Genes.
521 2451 560 2493 4.
581 2465 711 2505 usque
730 2451 768 2491 9.
788 2450 929 2493 theses
946 2451 1194 2506 principalis
1212 2465 1305 2492 cum
1322 2449 1630 2505 hypothesibus
1647 2449 1676 2490 81
1688 2447 1957 2490 consectariis
1971 2447 2058 2489 suis
2075 2446 2127 2487 ad
2139 2446 2260 2488 deca-

318 2511 462 2564 logum
495 2509 754 2563 pertinentes
792 2510 1078 2552 demonstrare
1114 2512 1274 2564 queat?
1307 2508 1363 2550 Et
1395 2511 1539 2550 tamen
1559 2507 1680 2549 nefas
1702 2509 1812 2549 esset
1830 2507 1980 2557 dicere,
1997 2506 2104 2547 tales
2128 2519 2259 2546 asser·

319 2569 453 2610 tiones
486 2567 629 2619 Setho,
663 2568 848 2617 Enocho,
886 2568 1076 2621 Noacho,
1109 2582 1336 2623 eorumque
1368 2567 1585 2622 discipulis
1617 2567 1646 2609 81
1680 2565 1866 2607 ecclesiis
1900 2565 2070 2620 ignotas
2087 2566 2160 2605 aut
2177 2577 2262 2605 non

319 2629 507 2681 receptas
528 2626 669 2668 fnisse.

384 2688 421 2726 23.
444 2685 588 2739 Objcet.
620 2684 780 2727 Saltem
798 2700 881 2727 non
897 2689 1037 2740 potest
1055 2686 1225 2742 probari
1244 2686 1369 2728 fidem
1385 2683 1614 2740 Euangelii
1631 2698 1705 2726 seu
1721 2683 1764 2724 in
1787 2681 2002 2725 Christum
2020 2680 2261 2723 mandatam

321 2744 450 2786 fuisse
468 2743 510 2783 in
531 2743 582 2786 V.
600 2743 648 2784 Τ.
667 2744 711 2786 Si
729 2744 821 2798 quis
838 2745 948 2786 (licat
967 2746 1208 2788 mandatam
1226 2760 1329 2796 esse,
1346 2743 1586 2800 proferatur
1601 2743 1728 2785 locus,
1746 2740 1792 2783 Si
1810 2741 1898 2783 fere
1915 2740 2261 2783 Remonstrantes

321 2804 363 2845 in
396 2801 550 2855 scripto
583 2802 755 2858 Belgico
787 2806 932 2845 contra
947 2804 1158 2859 Excerpta
1174 2803 1268 2847 DD.
1287 2803 1577 2846 Professorum
1594 2801 1715 2858 [pag.
1734 2800 1811 2857 22]
1829 2798 2263 2899 Leidensium.v(3({³sp.

2149 2871 2165 2899 1
2195 2871 2268 2898 en-
