2399 3084
352 103 436 144 252
573 104 714 145 D1sr.
746 103 820 144 IX.
854 104 926 145 DE
959 104 1123 146 STATU
1154 103 1472 147 ELECTORUM
1503 119 1630 146 ANTE
1663 104 2070 146 CONVERsIONEM.

350 228 508 267 statum
540 241 661 267 suum
694 242 776 267 non
812 229 978 268 tantum
1009 231 1287 281 praesentem,
1321 228 1392 269 sed
1425 229 1454 270 ἃ*
1489 227 1780 281 praeteritum.
1814 227 2069 282 Exemplum
2099 228 2229 269 habes
2247 227 2290 268 in

355 283 481 325 Paulo
504 286 621 326 Rom-
653 285 690 325 5.
731 285 769 325 8.
804 286 844 327 9.
881 286 947 329 10.
984 286 1076 327 6011.
1112 301 1207 327 611111
1236 287 1272 327 1.
1299 287 1402 328 Tim.
1424 287 1460 327 1.
1491 286 1555 326 13.
1575 288 1604 328 81
1622 287 1916 341 Auyustinoin
1943 287 2288 341 Confessionibus.

352 342 456 383 Vide
474 343 742 396 potissimum
760 343 882 386 libros
905 346 1088 400 quinque
1101 346 1276 398 priores.

409 399 451 444 5.
486 400 653 454 Atquae
687 402 790 443 haec
828 403 1052 444 delineatio
1084 406 1241 451 status;
1276 404 1327 444 ad
1345 405 1461 457 cujus
1491 405 1691 458 majorem
1713 403 2035 445 elucidationem
2052 403 2207 445 facient
2224 420 2289 445 se-

347 459 517 512 quentia
549 460 824 513 problemata.
859 460 967 502 Sunt
985 465 1125 503 autem
1149 477 1197 503 ea
1215 463 1371 516 partim
1392 462 1564 513 thetica,
1583 463 1739 516 partim
1757 462 2053 516 hypothetica3
2073 463 2146 503 illa
2165 465 2283 504 sunt:

348 519 385 558 1.
420 518 561 560 Probl.
594 517 663 559 An
694 519 827 573 possit
853 520 1008 561 alicubi
1031 536 1120 561 esse
1142 521 1397 576 prvilegium
1414 521 1593 562 foederis
1611 521 1786 572 externi,
1810 535 1882 562 seu
1904 521 2044 576 gratia
2062 521 2286 563 foederalis

345 578 528 626 externa,
548 577 622 618 abs
639 593 705 631 lue
722 578 902 629 interna,
925 581 1016 620 tum
1038 579 1239 621 foederali
1254 595 1326 621 seu
1349 579 1541 630 relativa,
1562 582 1654 620 tum
1672 580 1917 620 inhaerente
1940 580 2285 634 regenerationis.

346 636 462 687 Resp.
485 636 567 691 Ass.
585 636 696 677 facto
713 637 825 678 enim
842 652 915 678 seu
933 638 1192 691 experientia
1212 640 1236 679 a
1257 638 1478 692 posteriori
1501 637 1708 688 docemur,
1728 653 1927 693 magnam
1944 653 2067 692 saepe
2085 639 2286 693 majorem

344 696 506 746 partem
525 697 694 735 externe
711 695 1020 737 foederatorum
1037 696 1116 737 hac
1134 699 1206 737 aut
1224 697 1297 737 illa
1321 699 1471 747 aetate,
1490 697 1566 738 hoc
1586 699 1658 737 aut
1676 697 1748 737 1110
1766 697 1855 738 1060
1873 697 2116 746 viventium,
2135 697 2177 737 in
2190 712 2286 751 pec-

343 751 447 792 catis
464 752 549 793 suis
568 753 718 806 perire.
736 753 869 808 Atqui
893 754 1056 796 interne
1079 755 1292 809 regenitos
1316 758 1345 798 81
1368 756 1519 809 spiritu
1539 755 1880 797 sanctificationis
1904 755 2127 810 insignitos
2149 756 2286 809 perire

343 809 604 863 impossibile
628 815 703 853 est.
722 811 848 853 Ratio
882 816 957 864 631,
996 813 1095 866 quia
1128 817 1225 854 sunt
1248 814 1369 855 electi
1388 815 1528 856 Matth.
1562 814 1630 855 24.
1666 815 1734 855 24.
1755 815 1793 855 2.
1824 815 1995 856 Tim'ollr.
2021 815 2059 854 2.
2083 815 2148 855 19.
2168 815 2283 856 Rom.

346 869 411 909 11.
439 869 474 909 7.
496 869 667 923 insuper
685 871 865 925 regeniti
885 886 934 912 ex
957 872 1114 913 semine
1133 872 1457 926 incorruptibili.
1480 873 1518 914 1.
1539 873 1650 915 Petr.
1678 873 1713 913 1.
1739 874 1807 914 23.
1831 872 1942 913 Η1116
1961 873 2113 926 pendet
2131 873 2284 914 solutio

344 928 504 980 Quaesc.
538 927 605 968 An
639 943 784 970 omnes
817 930 940 971 liberi
974 930 1311 971 Christianorum
1344 933 1372 973 &
1389 930 1680 972 Israelitaruni
1699 931 1741 971 in
1760 931 1940 972 infantia
1958 931 2189 972 circumcisi
2212 935 2285 972 aut

341 985 544 1039 baptizati
556 987 639 1027 sint
654 990 747 1028 vere
764 988 982 1029 foederati.
1003 990 1125 1042 Hesp.
1142 997 1305 1031 &aeterne
1322 990 1405 1045 Ass.
1425 989 1640 1038 Quomodo
1658 989 1791 1030 adulti
1809 990 2052 1043 profitentes
2072 990 2197 1030 fidem
2212 991 2283 1031 sed

341 1044 498 1097 absque
530 1045 696 1086 interna
738 1046 817 1087 fide
851 1047 1049 1097 salvifica,
1083 1062 1179 1088 vere
1211 1051 1308 1089 sunt
1340 1048 1383 1088 in
1415 1048 1581 1089 foedere
1611 1050 1639 1090 Sz
1656 1048 1829 1089 ecclesia
1847 1048 2018 1099 visibili,
2037 1063 2120 1089 11011
2140 1050 2282 1089 tamen

342 1117 435 1143 vere
453 1106 549 1144 sunt
573 1104 621 1144 de
640 1105 814 1145 ecclesia
831 1105 1048 1154 invisibili,
1068 1108 1140 1146 aut
1159 1106 1276 1161 [pag
1298 1107 1403 1161 409]
1422 1107 1601 1148 foederis
1619 1106 1797 1161 gratuiti
1814 1106 2054 1160 participes.
2089 1105 2205 1148 Haec
2221 1107 2282 1147 113

340 1161 382 1201 111
414 1161 550 1214 prima
583 1162 708 1215 hujus
747 1163 851 1217 disp.
893 1164 1073 1205 editione
1097 1165 1429 1206 determinabam
1448 1180 1485 1205 a.
1508 1166 1631 1206 1639.
1666 1165 1820 1206 Postea
1838 1165 1973 1206 editus
1991 1164 2073 1205 fuit
2090 1164 2281 1208 Londini.

340 1234 377 1260 a.
413 1220 538 1261 1650.
571 1223 789 1272 tractatus,
823 1222 889 1263 cui
906 1223 972 1263 tit.
1017 1223 1199 1264 Vindicia
1215 1225 1351 1277 qratia
1377 1225 1710 1266 sacramentalis:
1730 1224 1803 1264 ubi
1821 1223 2073 1264 exhibentur
2090 1224 2118 1265 &
2137 1223 2280 1264 defen-

340 1278 495 1319 duntur
534 1279 901 1321 determinationes
939 1296 1013 1335 pro
1045 1282 1184 1336 gratia
1216 1298 1289 1323 3611
1311 1283 1628 1337 regeneratione
1646 1282 1904 1336 baptismali,
1928 1282 2102 1323 duorum
2122 1282 2278 1323 clariss.

340 1335 635 1391 theologorum
669 1339 920 1380 Davemmlt'i
951 1341 980 1382 81
1011 1340 1217 1382 Sarna-elis
1262 1342 1433 1390 xum-cm
1468 1356 1644 1395 quorum
1668 1341 1820 1381 eximia
1839 1340 2070 1381 eruditione
2088 1342 2117 1382 &
2135 1340 2280 1381 ortho-

341 1395 463 1435 doxia
495 1395 839 1451 anti-Pelagiana
871 1413 1010 1439 coram
1044 1399 1072 1440 81
1090 1399 1359 1441 familiariter
1380 1400 1584 1441 Dordraci
1601 1399 1685 1440 frui
1702 1399 1808 1440 mihi
1830 1399 2008 1454 contigit
2031 1414 2125 1440 ann.
2153 1399 2277 1440 1618.

342 1453 466 1495 1619.
485 1468 580 1494 cum
596 1454 691 1496 istic
707 1455 934 1497 haberetur
952 1457 1224 1498 celeberrima
1242 1459 1422 1512 synodus
1441 1458 1695 1499 Nationalis.
1719 1457 1892 1499 Summa
1910 1457 2117 1511 opinionis
2135 1472 2278 1498 60111111

338 1511 442 1552 11366
458 1515 541 1553 631;
566 1514 599 1554 1.
629 1512 899 1556 Sacramenta
917 1516 1170 1568 ponentibus
1188 1517 1349 1557 obicem
1367 1517 1555 1558 conferre
1573 1517 1770 1571 gratiam,
1790 1519 1835 1557 ut
1853 1531 1999 1557 causas
2018 1516 2195 1557 morales
2213 1516 2278 1556 in-

338 1572 656 1621 strumentales3
695 1575 786 1613 tum
804 1573 1067 1627 porrigendo,
1085 1575 1336 1628 praebendo,
1357 1576 1591 1617 exhibendo
1607 1591 1614 1624 ;
1633 1578 1725 1616 tum
1743 1575 2002 1629 obsignando
2025 1576 2053 1616 &
2073 1575 2121 1615 de
2139 1575 2278 1630 gratia

338 1632 507 1682 accepta
543 1631 817 1673 certoriando.
852 1632 891 1673 2.
926 1631 1237 1686 Consequenter
1270 1634 1463 1675 omnibus
1496 1633 1742 1684 infantibus,
1776 1633 1862 1674 sive
1901 1633 2045 1674 electis
2077 1633 2163 1674 sive
2195 1647 2278 1674 non

337 1687 479 1728 electis
519 1703 593 1742 per
626 1689 884 1743 baptismum
902 1690 1084 1732 conferri
1101 1692 1281 1746 gratiam
1306 1708 1377 1733 seu
1402 1692 1763 1747 regenerationem
1787 1706 1912 1745 quam
1930 1691 2227 1745 baptismalem
2248 1693 2277 1734 81

333 1746 516 1799 gratiam
537 1747 718 1800 primam
738 1751 896 1799 vocant,
921 1750 1031 1802 quod
1049 1751 1154 1791 tales
1172 1751 1333 1791 obicem
1351 1766 1432 1792 non
1453 1754 1623 1804 ponant,
1642 1766 1718 1791 nec
1740 1765 1892 1804 ponere
1914 1749 2087 1803 possint.
2108 1751 2147 1791 3.
2167 1750 2273 1792 Gra-

334 1804 417 1845 tiae
436 1804 560 1858 hujus
577 1806 736 1859 primae
756 1808 950 1848 effectum
967 1808 1215 1862 primarium
1233 1825 1322 1850 esse
1340 1809 1628 1850 remissionem
1640 1809 1800 1862 peccati
1813 1808 2032 1863 originalis
2044 1823 2120 1862 per
2132 1824 2274 1863 asper-

335 1862 494 1904 sionem
527 1865 745 1918 sanguinis
779 1866 955 1915 Christi3
990 1868 1098 1908 unde
1129 1869 1309 1921 pendeat
1341 1868 1594 1909 inhabitatio
1629 1867 1700 1921 Sp.
1734 1867 1790 1918 S..
1829 1867 1966 1921 prima
1997 1867 2274 1922 regeneratio,

329 1921 588 1974 justificatio,
623 1924 806 1977 adoptio.
840 1925 879 1965 4.
913 1924 994 1965 Per
1032 1925 1139 1966 hanc
1171 1927 1355 1980 gratiam
1389 1927 1568 1968 conferri
1597 1926 1830 1967 infantibus
1852 1928 2010 1966 statum
2033 1926 2182 1967 salutis
2199 1941 2274 1980 pro

333 1980 567 2022 conditione
584 1983 869 2035 parvuloru*n;
881 1998 963 2024 non
981 1987 1122 2025 autem
1139 2000 1215 2038 pro
1239 1986 1399 2026 ratione
1414 1986 1664 2026 adultorum.
1683 1986 1720 2026 5.
1737 1984 1927 2026 Gratiam
1944 1984 2053 2025 hanc
2066 1999 2273 2039 36111636-

334 2039 593 2080 nerationem
627 2040 920 2094 baptismalem
954 2042 983 2083 81
1015 2043 1196 2096 primam
1228 2044 1395 2084 differre
1428 2044 1619 2098 specifice
1648 2045 1671 2084 3
1689 2043 1958 2084 conversione
1977 2044 2006 2084 ἃ
2024 2043 2120 2083 novi
2138 2043 2273 2084 cordis

334 2097 557 2149 creatione,
589 2113 696 2152 quae
729 2101 896 2153 proprie
929 2102 1195 2155 regeneratio
1218 2102 1381 2152 dicitur,
1399 2118 1472 2156 per
1490 2117 1616 2156 quam
1634 2102 1728 2143 novi
1745 2102 1916 2142 habitus
1933 2101 2223 2153 infumluntur‚
2243 2103 2273 2144 81

333 2170 476 2196 omnes
503 2157 666 2198 animae
690 2158 912 2200 facultates
935 2162 1198 2212 reparantur.
1234 2161 1273 2202 6.
1308 2160 1497 2202 Gratiam
1515 2161 1631 2201 illam
1652 2160 1844 2214 primam,
1863 2162 1892 2202 81
1909 2160 2271 2214 regenerationem

332 2213 627 2267 baptismalem
644 2230 726 2257 non
744 2217 898 2258 habere
917 2218 1186 2260 infallibilem
1205 2234 1297 2260 cum
1312 2220 1445 2260 salute
1459 2219 1757 2260 connexionem
1772 2235 1780 2267 ς
1799 2219 1908 2272 quod
1920 2218 1963 2258 iu
1977 2219 2120 2259 adulta
2133 2221 2269 2259 aetate

331 2272 436 2312 obex
469 2274 674 2315 secundae
711 2276 1022 2329 regenerationi
1060 2278 1204 2331 (quam
1222 2293 1296 2319 nos
1314 2278 1523 2318 actualem
1541 2277 1853 2318 conversionem
1872 2277 2151 2331 appellamus)
2169 2277 2270 2330 poni

332 2331 475 2383 possit.
511 2331 548 2371 7.
581 2331 712 2373 Addit
744 2337 888 2375 auctor
920 2335 1206 2386 vindiciarum,
1240 2336 1319 2377 1106
1350 2336 1634 2377 corollarium:
1668 2335 1893 2376 Neminem
1926 2336 2037 2376 intra
2070 2335 2267 2376 ecclesiae

331 2388 486 2430 limites
524 2392 671 2431 natum
706 2406 788 2432 non
811 2407 932 2446 posse
956 2394 1007 2434 ad
1024 2396 1182 2434 statum
1200 2394 1349 2435 salutis
1366 2395 1598 2448 pervenire,
1623 2395 1743 2434 modo
1763 2394 1842 2434 sibi
1862 2408 1943 2434 non
1962 2393 2068 2434 desit
2090 2393 2132 2433 in
2155 2395 2268 2434 recto

334 2461 409 2487 usu
422 2448 584 2501 3131136
598 2449 787 2491 initialis.
801 2451 942 2504 Atque
955 2451 1033 2492 hac
1046 2452 1206 2493 ratione
1220 2453 1321 2493 satis
1331 2452 1497 2493 defendi
1506 2455 1656 2506 putant
1664 2452 2021 2506 perseverantiam
2030 2454 2267 2492 sanctorum

330 2508 473 2546 6011113
490 2506 739 2562 Pelagianos
759 2510 787 2550 &
805 2508 1205 2564 Semi-Pelegianos.
1226 2510 1428 2552 Rationes
1445 2511 1474 2551 &
1492 2511 1739 2552 autoritates
1758 2526 1807 2551 ex
1826 2510 2056 2564 scripturis,
2077 2509 2266 2563 patribus

331 2563 567 2605 reformatis
600 2566 930 2608 confessionibus
949 2570 977 2610 &
994 2568 1203 2623 theologis
1220 2584 1303 2609 non
1320 2584 1474 2623 paucas
1491 2585 1566 2623 pro
1584 2569 1663 2610 hac
1683 2569 1877 2623 opinione
1895 2584 1969 2609 sua
1987 2568 2264 2609 accumulant.

333 2621 437 2674 Ego,
477 2625 522 2662 ut
559 2623 739 2677 ingenue
763 2625 896 2666 dicam
915 2627 1023 2679 quod
1042 2627 1187 2675 sentio,
1207 2642 1288 2668 non
1306 2628 1424 2668 video
1442 2628 1698 2681 hypotheses
1716 2629 1744 2670 &
1764 2627 2018 2668 consectaria
2036 2626 2160 2679 hujus
2177 2627 2267 2679 opi-

332 2679 465 2719 nionis
476 2681 655 2721 multum
674 2683 872 2724 abludere
890 2684 942 2724 ab
960 2684 1058 2735 illis,
1077 2699 1183 2738 quae
1202 2688 1295 2738 post
1308 2701 1350 2727 se
1363 2686 1497 2727 trahit
1506 2686 1645 2739 opinio
1659 2687 1707 2727 de
1720 2686 1859 2740 gratia
1872 2684 2097 2726 universali
2111 2684 2266 2724 alicubi

332 2737 373 2776 in
395 2737 554 2791 1361310,
580 2739 816 2791 Germania,
837 2741 987 2793 Gallia,
1013 2742 1197 2797 agitata:
1222 2745 1339 2797 cujus
1357 2744 1548 2785 meminit
1570 2745 1676 2798 disp.
1696 2753 1839 2786 nostra
1861 2744 1909 2785 de
1926 2743 2068 2784 merito
2090 2743 2242 2784 Cla-isca·
2255 2757 2264 2783 :

332 2795 403 2835 ubi
417 2795 520 2837 vide.
545 2796 824 2852 Quaecunque
849 2816 897 2841 ex
915 2801 1146 2855 scripturis,
1165 2803 1370 2856 patribus,
1396 2802 1633 2844 reformatis
1652 2803 1887 2845 doctoribus
1905 2801 2164 2851 adferuntur,
2184 2815 2265 2841 non

2111 2861 2267 2914 cogunt
