2399 3084
235 114 315 155 172
407 107 564 155 DISP.
598 113 688 155 VI.
721 113 799 154 DE
832 109 1296 153 PROPAGATIONE
1328 108 1586 152 PEccA'rl
1618 110 2000 153 ORIGINALIS.

230 240 279 280 de
311 238 473 280 ratione
509 252 584 279 sua
622 236 792 278 formali
810 237 970 278 nullam
998 236 1202 277 moralem
1224 235 1530 290 impuritatem,
1549 236 1873 290 turpitudinem,
1891 237 2177 288 infectionem,

230 297 571 352 depravationem
604 298 677 337 aut
708 296 963 349 pravitatem
996 295 1131 336 dicere
1164 297 1317 348 potest.
1351 293 1408 335 Et
1440 297 1551 336 certe
1574 309 1658 335 non
1679 295 1814 347 video,
1845 296 2053 350 quomodo
2071 296 2182 336 hunc

230 356 421 398 fomitem
459 370 594 406 suum,
628 355 837 409 explicare
865 355 894 396 81
916 354 1027 396 tueri
1050 353 1212 408 possint
1234 368 1325 394 esse
1342 354 1546 395 moralem
1563 354 1887 408 corruptionem,
1906 354 2180 409 pravitatem,

231 417 259 457 ὦ
293 415 447 455 malam
467 413 786 468 dispositionem
804 415 930 469 (quae
958 416 1099 454 tamen
1119 412 1356 453 formaliter
1371 427 1454 453 non
1477 412 1532 454 sit
1549 415 1782 466 peccatum,
1800 429 1876 455 nec
1893 429 2073 468 poenam
2091 428 2178 454 me-

228 474 311 515 reri
343 473 506 527 possit),
539 475 744 526 tanquam
775 473 948 513 tertium
968 472 1176 525 quoddam
1199 473 1223 512 a
1249 474 1419 525 peccato
1437 472 1467 513 81
1483 471 1677 525 opposita
1694 472 1850 514 virtute
1869 472 2130 522 distinctum,
2151 474 2180 514 81

224 535 365 573 tamen
383 531 512 573 solide
530 530 714 572 refutare
730 531 1063 580 Pontificiorum,
1083 529 1415 579 Socinianorum‚
1435 529 1845 582 Remonstrantium)
1863 532 2025 586 apoloq.
2044 545 2084 585 q).
2110 530 2180 571 84.

226 591 266 633 ἃ·
303 591 370 632 86.
404 589 615 645 (fomitem
646 589 713 631 cui
746 590 969 631 formalem
1007 589 1217 630 rationem
1249 589 1410 642 peccati
1444 590 1473 632 81
1494 591 1636 631 reatus
1659 589 1791 630 tribui
1807 591 1972 631 nolunt.
2012 590 2180 643 Quinto,

227 650 336 703 quod
368 649 419 690 ad
441 651 837 703 temperamentum,
865 651 889 690 a
906 663 988 702 quo
1005 650 1210 702 tanquam
1226 647 1434 702 principio
1453 648 1623 700 directo,
1645 650 1674 691 81
1691 663 1767 703 per
1784 664 1827 690 se
1845 663 1918 690 seu
1936 663 2062 690 causa
2083 663 2179 702 pro-

226 708 316 762 prie
349 708 460 749 dicta
492 708 521 750 81
553 723 628 762 per
661 723 703 748 se
732 708 992 762 suspendunt
1014 706 1285 748 infectionem
1302 707 1331 749 81
1348 706 1666 748 inexistentiam
1683 707 1843 762 peccati
1866 707 2086 762 originalis
2105 722 2180 761 per
2217 736 2221 739 -

226 767 342 821 prius
360 767 403 807 in
421 781 593 821 corpore
606 767 695 821 jam
712 766 958 820 informato,
978 767 1007 808 81
1026 765 1172 807 deinde
1190 765 1233 806 in
1252 765 1407 816 anima,
1426 768 1551 819 atque
1571 766 1673 808 adeo
1704 769 1794 808 toto
1818 766 2063 820 composito,
2088 767 2117 808 81
2133 765 2177 807 111

226 841 307 880 quo
340 828 473 867 totum
493 825 582 867 fere
598 825 839 880 hujusmodi
855 825 1099 866 traducendi
1117 824 1277 879 peccati
1294 824 1552 878 praesidium
1570 828 1754 879 ponunt3
1784 825 1874 867 dico
1891 825 1997 866 illud
2018 825 2061 866 in
2080 839 2123 866 se
2150 826 2179 867 81

227 900 299 939 per
311 900 354 926 se
368 899 456 926 esse
474 885 633 925 morale
651 884 929 938 adiaphorum
946 884 975 925 81
988 886 1200 934 neutrum,
1217 898 1301 925 non
1318 884 1478 924 malum
1495 886 1568 925 aut
1581 883 1793 935 vitiosum,
1807 899 1890 925 non
1902 884 2039 939 magis
2052 898 2178 938 quam

225 944 436 994 humores,
459 958 686 997 omnesque
704 945 859 997 partes,
879 942 1019 984 omnia
1037 943 1227 983 membra
1245 942 1445 997 corporis.
1483 943 1603 996 Quia,
1624 944 1914 998 qualecunque
1932 943 2038 983 illud
2060 942 2116 983 sit
2134 942 2178 983 in

226 1003 372 1057 quovis
399 1002 582 1049 1101111110,
608 1005 670 1043 est
689 1002 844 1043 directe
862 1003 891 1045 81
908 1016 983 1056 per
1000 1016 1042 1042 se
1062 1003 1085 1042 a
1102 1001 1192 1042 Deo
1214 1002 1477 1055 productum,
1495 1004 1700 1056 tanquam
1718 1004 1742 1043 a
1759 1017 1884 1044 causa
1901 1002 2038 1056 prima
2056 1002 2176 1057 [pag.

229 1062 362 1117 1118]
396 1061 426 1103 81
459 1064 522 1103 est
553 1061 634 1103 Dei
651 1064 857 1102 creatura.
890 1061 947 1102 Et
965 1061 1078 1116 qula,
1097 1063 1160 1102 est
1186 1060 1422 1113 subjectum
1439 1061 1713 1110 substratum,
1733 1077 1806 1102 seu
1823 1062 1980 1102 bonum
1996 1061 2115 1111 illud,
2134 1061 2176 1101 in

227 1135 308 1174 quo
331 1123 396 1162 est
427 1120 613 1175 pravitas
646 1120 840 1161 moralis:
875 1134 976 1175 ergo
1008 1134 1091 1161 non
1125 1122 1188 1160 est
1219 1120 1311 1173 ipsa
1323 1120 1520 1174 ‚pravitas
1549 1123 1622 1161 aut
1640 1120 1857 1174 dispositio
1874 1119 2178 1174 peccaminosa.

232 1180 340 1233 Quia
371 1179 500 1221 etiam
531 1182 595 1221 est
627 1179 801 1230 occasio,
822 1180 851 1222 81
868 1179 1001 1220 fomes
1021 1178 1070 1234 (si
1095 1179 1155 1219 ita
1171 1178 1288 1232 loqui
1306 1178 1431 1220 liceat
1448 1178 1464 1235 )
1483 1179 1665 1233 oppositi
1681 1179 1782 1220 boni
1798 1194 1870 1220 seu
1889 1178 2082 1228 virtutis;
2106 1178 2177 1219 sed

228 1254 303 1292 per
335 1238 536 1280 accidens.
571 1238 652 1279 Per
670 1238 859 1280 accidens
884 1238 995 1279 enim
1013 1237 1042 1278 81
1064 1252 1140 1291 per
1161 1237 1447 1278 interventum
1466 1237 1639 1292 spiritus
1661 1237 1951 1293 regenerantis
1968 1240 2176 1291 tempera-

228 1299 383 1348 menta,
418 1312 482 1339 ex.
516 1312 580 1352 gr.
613 1297 900 1347 melancolica,
934 1296 1155 1347 cholerica,
1188 1297 1422 1352 sanguinea
1456 1297 1563 1337 fiunt
1600 1297 1895 1348 instrumenta,
1914 1296 2068 1351 quibus
2085 1298 2132 1337 ut
2149 1296 2178 1337 &

229 1356 432 1397 membris
457 1356 655 1410 corporis,
686 1356 754 1397 ‘uti
776 1358 916 1410 potest
933 1355 962 1396 81
978 1355 1128 1406 utitur,
1148 1357 1221 1396 aut
1238 1356 1289 1396 ad
1307 1355 1559 1409 profundam
1576 1355 1917 1397 humiliationem
1935 1370 2060 1409 super
2082 1369 2177 1409 pec-

229 1415 334 1456 catis
363 1416 392 1457 81
421 1415 677 1469 gravitatem
697 1430 744 1456 ac
762 1414 1040 1456 constantiam
1064 1414 1106 1455 in
1124 1414 1204 1455 viis
1222 1414 1392 1464 domini,
1412 1417 1485 1455 aut
1503 1414 1554 1455 ad
1569 1415 1704 1456 zelum
1727 1429 1951 1467 servorem,
1970 1415 2000 1456 &
2017 1413 2178 1455 animo-

228 1474 399 1515 sitatem
432 1473 476 1514 in
494 1488 619 1528 opere
637 1473 809 1524 domini,
829 1476 903 1514 aut
920 1474 972 1514 ad
993 1473 1203 1514 laetitiam
1221 1473 1485 1528 spiritualem
1504 1474 1533 1516 &⁷
1551 1472 1777 1521 αἰτάρκειχυ
1793 1473 1836 1514 111
1855 1472 1994 1528 gratia
2014 1472 2095 1513 Dei
2112 1474 2178 1514 &c.

226 1531 346 1574 Sicut
379 1533 527 1574 eadem
563 1535 899 1587 temperamenta
931 1534 1030 1573 sunt
1051 1532 1289 1573 occasiones
1322 1532 1351 1573 81
1370 1534 1461 1587 (per
1479 1531 1669 1573 accidens
1692 1546 1746 1572 sc.
1771 1532 1935 1573 animae
1954 1534 2175 1585 corruptae

226 1606 300 1632 3011
333 1606 415 1632 11011
452 1591 755 1645 sanctificatae)
788 1591 1070 1632 instrumenta
1106 1591 1214 1631 fiunt
1244 1591 1479 1641 haeresion,
1508 1590 1709 1641 rixarum,
1729 1589 1960 1643 αἰτοφωνῖας
1977 1591 2043 1632 810.
2070 1589 2178 1631 Sunt

225 1650 337 1691 enim
360 1652 460 1704 apta
477 1653 577 1691 nata
593 1650 684 1692 fieri
701 1650 983 1692 instrumenta
1006 1649 1193 1704 justitiae
1212 1651 1241 1692 81
1258 1650 1516 1704 injustitiae:
1552 1649 1745 1703 quamvis
1763 1664 1814 1691 ex
1831 1651 1945 1690 statu
1963 1650 2106 1703 lapsus
2125 1650 2176 1690 ad

220 1709 433 1763 justitiam
467 1724 550 1750 non
582 1709 769 1750 habeant
786 1709 1021 1763 potentiam
1038 1709 1295 1763 receptivam
1316 1724 1389 1750 seu
1410 1709 1636 1762 passivam,
1659 1708 1741 1749 nisi
1758 1710 1966 1749 remotam
1984 1709 2013 1750 81
2031 1708 2174 1749 obedi-

224 1768 444 1817 entialem;
478 1768 577 1822 quia
604 1768 801 1822 spiritum
834 1768 1014 1809 mundus
1050 1782 1134 1808 non
1167 1770 1306 1822 potest
1342 1768 1528 1822 recipere
1546 1767 1726 1809 1011011171.-
1749 1767 1816 1808 14.
1837 1767 2057 1810 Praelerea
2074 1767 2174 1823 quia

223 1827 562 1881 concupiscentia
584 1827 790 1868 naturalis
808 1828 837 1869 81
854 1829 944 1868 tota
961 1826 1214 1868 sensualitas
1232 1841 1307 1868 nec
1325 1827 1504 1868 materia
1530 1841 1606 1868 nec
1618 1826 1754 1868 forma
1772 1828 1835 1867 est
1855 1826 1981 1867 ullius
1998 1825 2174 1880 peccati,

222 1900 297 1926 nec
329 1886 491 1940 aliquid
524 1886 569 1927 in
601 1901 644 1927 se
673 1885 875 1927 vitiosum
900 1885 1030 1927 habet
1048 1886 1114 1941 (nt
1137 1888 1248 1927 recte
1273 1885 1460 1928 Polamts
1483 1886 1550 1929 lib.
1569 1893 1776 1942 syntaqm.
1797 1885 1836 1926 6.
1855 1899 1943 1940 cap.
1964 1885 2022 1939 3.)
2040 1901 2055 1934 ;
2073 1899 2174 1940 ergo

222 1944 380 1998 pariter
411 1960 487 1986 nec
523 1947 906 1999 temperamentum
939 1944 1124 1998 corporis
1156 1944 1286 1985 immo
1320 1945 1455 1986 multo
1472 1945 1623 1986 minus.
1659 1945 1848 2000 Denique
1866 1945 1964 2000 quia
1987 1959 2081 1985 cum
2103 1943 2175 1985 isti

222 2003 581 2058 philosophemati
601 2004 650 2045 de
667 2006 1004 2058 temperamento
1021 2006 1190 2045 tantum
1207 2003 1276 2045 hic
1294 2004 1502 2052 tribuunt,
1521 2004 1746 2045 videndum
1769 2003 1871 2057 ipsis
1889 2018 1940 2044 ne
1959 2003 2060 2057 quid
2077 2017 2171 2044 con-

220 2062 391 2103 cedatur
408 2063 613 2104 docilitati
631 2062 1023 2104 Remonstranticae
1040 2077 1113 2103 seu
1132 2063 1266 2104 bonae
1287 2063 1419 2103 indoli
1430 2063 1474 2104 in
1492 2062 1627 2117 primo
1645 2061 1926 2103 conversionis
1945 2064 2172 2109 momento,

220 2135 346 2173 quam
377 2122 421 2162 in
452 2124 834 2176 temperamentum
866 2123 896 2164 81
929 2122 1219 2163 educationem
1250 2121 1455 2174 referunt,
1490 2121 1609 2176 Apol.
1632 2135 1664 2163 0.
1686 2121 1753 2162 10.
1772 2122 1843 2176 sol.
1866 2121 1963 2162 118.
1989 2121 2085 2162 119.
2104 2122 2170 2163 810.

229 2178 382 2222 Confer
399 2195 526 2235 supra
542 2195 640 2236 app.
660 2181 700 2223 2.
718 2182 786 2223 ad.
805 2181 913 2237 disp.
932 2181 981 2223 de
1000 2181 1209 2224 Creatione
1223 2194 1268 2236 p.
1291 2180 1388 2223 849.
