2399 3084
269 126 351 166 260
473 123 733 167 D1s1201X.
767 121 840 163 DE
874 121 1042 163 SrA'ru
1075 119 1399 161 ELEGTORUM
1432 133 1554 159 ANTE
1587 119 2009 160 Gowvssnsmmn.

266 250 356 289 tum
374 246 588 301 peccandi,
608 244 910 287 conscientiam
928 242 1242 289 cauterizatam,
1265 241 1550 283 Atheismum.
1575 242 1693 294 Resp.
1717 239 1897 281 Videtur
1908 240 2217 297 affirmandum

270 322 320 347 ex
354 305 505 360 Ephes.
525 306 565 346 4.
586 305 706 360 [pag.
727 303 831 358 419]
857 305 921 344 18.
943 302 1012 343 19.
1031 302 1060 344 81
1078 316 1111 344 c.
1129 302 1168 342 2.
1189 302 1227 342 2.
1247 301 1286 342 3.
1309 301 1377 341 12.
1416 301 1532 343 Rom.
1552 301 1591 341 3.
1613 300 1679 340 12.
1702 299 1768 340 13.
1787 299 1882 340 0011.
1899 313 1994 340 011111
2018 300 2129 341 Psal.
2150 299 2217 341 14.

268 366 305 406 1.
332 366 371 406 1.
409 365 499 406 Cor.
537 364 577 405 6.
601 365 641 406 9.
682 363 747 403 10.
780 362 847 402 11.
888 362 963 403 Tic.
984 362 1023 401 3.
1042 361 1082 402 3.
1115 358 1271 401 XXXI.
1293 359 1437 402 Probl.
1470 358 1552 409 An,
1574 373 1669 400 cum
1686 372 1987 412 nonnunquam
2006 360 2080 399 aut
2096 372 2220 412 saepe

266 424 428 477 aliquos
454 437 598 464 eorum
618 423 860 476 praeservat
876 419 992 461 Deus
1011 419 1063 460 ab
1085 433 1256 460 excessu
1274 418 1447 472 peccati,
1465 418 1509 458 in
1526 432 1651 471 quem
1670 416 1743 457 alii
1764 417 1968 467 incidunt,
1987 416 2127 471 gratia
2144 417 2219 457 illa

266 482 499 536 reprimens
535 496 609 522 seu
641 480 885 522 refroenans
907 481 999 520 tum
1021 477 1229 519 naturalis
1256 480 1349 518 tum
1377 475 1713 531 supernaturalis
1730 475 1865 529 possit
1882 475 1962 516 dici
1979 475 2174 529 specialis
2190 475 2220 516 81

267 540 464 581 distincta
497 539 548 581 ab
582 554 642 588 ea,
677 553 761 593 qua
782 540 1025 579 coercentur
1042 536 1241 591 reprobi?
1274 536 1392 590 Resp.
1411 535 1511 576 Non
1528 535 1692 576 videtur
1709 534 1960 589 negandum.
1994 533 2219 576 Distinctio

266 602 408 640 autem
443 613 550 652 quae
583 599 612 641 81
634 598 771 651 qualis
794 597 850 638 sit
867 596 1094 637 intrinseca
1120 595 1254 649 ipsius
1272 594 1436 649 gratiae
1455 593 1760 649 (dispositionis
1784 593 1872 634 scil.
1907 592 2167 635 inhaerentis
2190 595 2219 637 81

265 657 518 714 impressae)
550 656 820 711 reprimentis
854 655 1018 710 passive
1042 655 1192 704 dictae,
1212 668 1319 707 quae
1336 653 1538 707 recipitur
1555 654 1584 695 81
1603 652 1863 706 subjectatur
1879 652 1923 692 in
1940 654 2079 693 mente
2102 653 2131 694 &
2150 667 2217 693 vo-

265 717 429 757 luntate
448 716 645 766 hominis,
664 730 750 757 non
768 715 829 755 ita
847 715 995 768 liquet,
1014 728 1121 767 quae
1141 712 1243 761 scil„
1258 712 1409 766 qualis,
1424 714 1595 765 quanta,
1615 725 1742 765 quam
1763 710 1959 764 frequens
1977 710 2032 752 sit
2052 710 2094 751 in
2113 711 2217 753 elec-

261 778 318 825 to,
337 777 366 818 81
383 790 465 816 11011
484 775 539 816 311
557 775 715 829 pariter
732 774 775 815 in
793 773 985 828 reprobo.
1005 771 1087 814 Sed
1105 771 1340 813 extrinseca
1358 772 1387 813 81
1403 770 1636 824 respectiva
1654 769 1867 810 distinctio
1886 769 2034 810 auxilii
2050 769 2173 811 istius
2191 772 2220 813 81

263 834 430 889 gratiae
467 833 600 875 active
634 834 828 887 sumptae
861 847 933 873 seu
968 834 991 872 a
1022 834 1142 885 parte
1174 829 1268 877 Dei,
1302 829 1464 871 desumi
1486 832 1625 883 potest
1660 829 1697 869 1.
1731 827 1799 869 Ab
1818 828 1995 882 objecto,
2009 829 2124 882 quod
2142 831 2218 880 est,

262 893 436 934 electus.
472 893 511 934 2.
544 895 567 933 a
601 906 725 933 causa
757 891 985 945 impulsiva
1018 890 1185 931 interna
1218 903 1325 942 quae
1348 891 1412 929 est
1430 902 1547 929 amor
1569 887 1799 937 electionis,
1817 888 1926 928 unde
1942 889 2147 941 tanquam
2165 902 2216 928 ex

265 951 381 993 fonte
402 951 543 992 omnia
560 951 666 992 haec
689 950 847 991 auxilia
865 951 1130 1004 promanant.
1158 948 1196 989 3.
1221 947 1279 989 Ε1
1307 948 1366 988 310
1384 962 1433 988 ex
1450 947 1533 988 fine
1552 961 1623 988 seu
1646 945 1881 987 intentione
1903 945 1984 987 Dei
2007 946 2219 998 ultimata,

263 1025 369 1064 quae
408 1013 471 1051 est
511 1009 696 1051 hominis
731 1008 846 1050 illius
879 1007 1096 1062 perductio
1134 1007 1186 1047 ad
1223 1006 1407 1061 gratiam
1435 1007 1463 1048 81
1481 1005 1677 1060 gloriam.
1701 1006 1741 1045 4.
1777 1004 1843 1045 An
1863 1004 2005 1057 etiam,
2024 1019 2075 1046 ex
2093 1019 2219 1046 causa

264 1069 583 1123 procatarctica,
622 1083 695 1109 seu
737 1067 954 1108 meritoria
967 1069 986 1107 t>
1025 1068 1072 1106 ut
1108 1066 1198 1106 3011.
1237 1066 1279 1106 111
1312 1064 1574 1119 repressione
1607 1064 1730 1105 electi
1756 1064 1988 1105 intercedat
2020 1064 2219 1105 meritum

266 1127 446 1177 Christi3
481 1128 509 1169 81
544 1127 685 1168 01111113
717 1127 821 1168 11300
839 1126 946 1167 dona
969 1128 1095 1178 atque
1114 1124 1285 1174 auxilia,
1305 1123 1497 1177 quamvis
1522 1137 1596 1163 suo
1618 1123 1740 1164 modo
1759 1122 1948 1176 reprobis
1966 1123 2218 1173 communia,

263 1186 477 1240 profluant
493 1186 558 1226 illi
577 1201 628 1227 ex
644 1185 760 1226 fonte
778 1185 853 1226 illo
870 1185 1122 1238 impetratae
1140 1182 1494 1224 reconciliationis
1512 1183 1541 1224 81
1560 1181 1708 1223 33111113
1726 1196 1802 1235 pro
1820 1181 1898 1222 tali
1915 1181 2047 1222 010010
2060 1184 2079 1223 ⁶?
2097 1180 2219 1222 Nihil

262 1245 433 1286 absurdi
473 1247 536 1286 est
568 1245 603 1286 si
640 1244 721 1286 hoc
744 1244 919 1284 dicatur.
964 1244 1145 1298 Vasquez
1165 1242 1221 1284 ad
1241 1244 1279 1283 1.
1296 1255 1365 1297 qu.
1390 1242 1459 1281 23.
1492 1249 1573 1282 arc.
1596 1241 1635 1281 4.
1655 1241 1763 1294 disp.
1785 1241 1820 1280 1.
1845 1240 2028 1282 membro
2051 1241 2115 1282 12.
2134 1243 2216 1281 313-

261 1304 345 1345 tuit
363 1304 549 1358 gratiam
567 1303 727 1345 Christi
750 1316 1041 1357 praeservasse
1065 1301 1246 1342 Paulum
1263 1315 1314 1341 ne
1334 1302 1525 1354 peccaret
1543 1315 1593 1341 ex
1615 1299 1780 1340 malitia
1799 1300 1856 1354 (I.
1882 1299 2055 1341 Timolh.
2072 1299 2109 1340 1.
2132 1299 2218 1353 13.)

263 1363 292 1405 81
325 1362 368 1403 111
401 1377 555 1417 genere
593 1362 884 1416 qualecunque
907 1360 1136 1402 vocationis
1158 1359 1342 1410 initium,
1366 1358 1494 1400 etiam
1513 1359 1759 1413 negativum
1777 1358 1905 1414 (quod
1926 1358 2015 1399 scil.
2032 1360 2219 1400 removet

262 1421 629 1475 impedimentum)
662 1420 868 1474 proficisci
907 1434 957 1460 ex
990 1418 1129 1473 gratia
1167 1418 1338 1459 Christi.
1373 1417 1509 1466 Quam
1531 1417 1770 1471 opinionem
1805 1417 2018 1470 improbat
2043 1418 2164 1459 Corn.
2191 1418 2218 1458 ὰ

266 1480 420 1534 Lapide
453 1480 498 1521 in
519 1480 555 1520 1.
583 1480 758 1521 Timollz.
785 1480 819 1520 1.
842 1479 908 1519 13.
942 1477 1031 1519 Nos
1059 1477 1197 1518 missis
1227 1491 1370 1517 eorum
1404 1476 1571 1530 pugniS,
1592 1476 1778 1517 dicamus
1797 1475 2090 1517 coercitionem
2107 1477 2218 1517 circa

265 1538 418 1579 electos
442 1553 690 1592 promanare
708 1552 791 1578 non
808 1539 975 1578 tantum
993 1551 1042 1577 ex
1066 1536 1205 1591 gratia
1224 1535 1452 1585 electionis,
1472 1535 1543 1575 sed
1560 1534 1588 1575 81
1602 1535 1774 1588 speciali
1791 1534 1931 1588 gratia
1949 1533 2107 1575 Christi
2129 1549 2216 1576 me-

265 1597 451 1644 diatoris,
486 1597 796 1650 impetrationis
828 1596 932 1646 scil.,
964 1610 1047 1649 qua
1069 1594 1245 1636 meritus
1268 1597 1332 1635 est
1364 1594 1467 1648 ipsis
1496 1593 1637 1634 omnia
1655 1608 1761 1647 quae
1785 1593 1837 1634 ad
1854 1593 2035 1634 salutem
2052 1593 2139 1635 sive
2157 1608 2217 1634 re-

264 1658 390 1706 mote,
409 1656 496 1696 sive
515 1655 763 1710 propinque,
782 1655 869 1695 sive
891 1654 1082 1708 proxime
1100 1654 1184 1694 sint
1205 1653 1454 1694 necessaria.
1488 1650 1668 1693 XXXII.
1703 1652 1841 1694 Probl.
1864 1651 1928 1693 De
1947 1652 2215 1693 distinctione

265 1714 429 1772 gratiae
446 1714 717 1768 reprimentis
749 1714 790 1754 in
810 1713 953 1754 electis
972 1712 1198 1753 foederatis
1217 1726 1265 1753 30
1281 1711 1498 1766 regenitis,
1531 1710 1560 1750 &
1578 1711 1620 1751 in
1639 1711 1782 1752 electis
1800 1726 1884 1752 non
1902 1710 2142 1762 foederatis,
2161 1726 2215 1752 an

264 1774 293 1814 &
317 1772 454 1827 qualis
472 1773 549 1813 illa
567 1772 636 1823 sit,
654 1787 736 1813 non
755 1772 816 1812 ita
834 1772 980 1825 liquet.
1015 1770 1163 1824 Itaque
1181 1770 1391 1811 malumus
1409 1770 1452 1810 in
1470 1770 1806 1824 praesentiarum
1823 1768 1986 1820 ἐπέχειν.
2013 1768 2214 1810 XXXIII.

264 1832 403 1873 Probl.
436 1830 552 1872 Idem
571 1831 747 1872 dicimus
765 1831 815 1871 de
833 1830 1105 1883 sequentibus
1127 1831 1162 1870 1.
1182 1829 1250 1870 An
1272 1829 1477 1883 ejusmodi
1498 1829 1780 1882 repressiones
1800 1828 1943 1869 electis
1962 1843 2056 1869 cum
2073 1843 2214 1882 repro-

262 1889 326 1930 bis
349 1904 589 1931 communes
613 1891 641 1932 81
674 1892 976 1942 consequenter
998 1888 1236 1929 formaliter
1268 1887 1489 1928 distinctae
1523 1890 1547 1927 3
1568 1887 1753 1928 motibus
1770 1886 1867 1928 fidei
1885 1888 1914 1929 81
1931 1886 2212 1928 conversionis

261 1948 553 2002 incompletae,
576 1948 826 2001 proveniant
849 1950 872 1988 a
891 1947 1042 2001 spiritu
1067 1948 1096 1989 81
1123 1947 1282 1988 semine
1299 1946 1640 2001 regenerationes
1658 1946 1700 1986 in
1727 1945 1908 1986 infantia
1924 1945 2142 2000 impresso,
2161 1960 2215 1987 an

261 2021 357 2048 vero
381 2007 433 2048 ab
453 2007 622 2048 auxiliis
641 2007 793 2048 divinis
811 2010 838 2046 81
857 2006 1008 2060 gratiis
1027 2005 1355 2059 reprimentibus
1375 2005 1644 2060 generalibus
1660 2007 1678 2046 Ρ
1699 2006 1739 2046 2.
1759 2004 1919 2058 Quibus
1937 2004 2213 2059 argumentis,

262 2065 443 2116 motivis,
476 2080 559 2119 quo
590 2066 713 2106 modo
746 2066 774 2107 81
794 2079 875 2118 quo
894 2079 1087 2106 successu
1115 2067 1217 2119 agat
1245 2063 1349 2104 haec
1366 2063 1506 2118 gratia
1523 2063 1781 2117 reprimens?
1799 2063 1839 2104 3.
1858 2063 1926 2104 An
1943 2063 2066 2104 electi
2081 2062 2125 2103 in
2148 2063 2214 2104 in-

262 2123 398 2164 fantia
429 2124 626 2179 regeniti,
661 2123 732 2165 sed
759 2124 856 2164 inde
888 2124 932 2164 in
960 2123 1173 2177 apostasia
1191 2122 1458 2176 &impietate
1475 2124 1595 2162 extra
1610 2121 1828 2163 ecclesiam
1850 2121 2030 2169 educati,
2048 2123 2215 2176 praeter

261 2182 441 2236 gratiam
467 2182 771 2236 reprimentem
805 2182 935 2223 etiam
967 2182 1162 2222 stimulos
1194 2181 1474 2234 incompletae
1507 2180 1789 2221 conversionis
1806 2180 1982 2221 subinde
2000 2180 2213 2221 sentiant?

265 2240 471 2282 Absolute
491 2241 732 2296 negandum
751 2243 826 2291 est,
846 2240 1059 2294 siquidum
1082 2240 1200 2281 nulla
1218 2239 1336 2281 verbi
1358 2239 1489 2280 divini
1507 2239 1630 2280 lectio
1653 2242 1726 2280 aut
1743 2239 1903 2280 auditio
1921 2239 2023 2293 ipsis
2045 2239 2212 2293 obtige-

264 2299 332 2340 rit.
369 2299 408 2341 4.
443 2301 509 2341 Αη
531 2299 728 2353 vestigia,
747 2313 820 2340 seu
839 2299 1040 2340 obscurae
1062 2299 1161 2340 illae
1180 2297 1488 2351 dispositiones,
1507 2297 1666 2351 siquae
1685 2298 1805 2353 [pag.
1828 2297 1936 2353 420]
1963 2300 2059 2352 post
2096 2300 2212 2339 actus

261 2357 544 2411 incompletae
563 2358 845 2399 conversionis
863 2357 906 2398 in
929 2357 1070 2398 animo
1087 2357 1382 2410 relinquantur
1400 2358 1465 2410 (ut
1487 2356 1655 2410 quidem
1682 2356 1865 2410 relinqui
1886 2371 1970 2397 non
1987 2359 2212 2411 repugnat)

262 2416 453 2456 totaliter
487 2416 627 2456 amitti
661 2419 734 2457 aut
758 2416 895 2457 excuti
913 2416 1075 2469 possint
1093 2419 1112 2457 ,9
1131 2414 1196 2457 Ita
1216 2417 1262 2456 ut
1279 2414 1442 2455 actibus
1460 2415 1791 2466 transeuntibus,
1809 2416 1839 2457 81
1856 2414 2046 2469 vestigiis
2069 2429 2212 2455 eorum

264 2473 426 2524 deletis,
447 2475 583 2515 solum
602 2474 933 2529 regenerationis
955 2489 1098 2515 semen
1117 2473 1330 2528 supersit?
1351 2475 1390 2514 5.
1409 2475 1478 2516 An
1497 2475 1526 2515 81
1544 2473 1750 2527 quomodo
1768 2473 1964 2514 differant
1991 2473 2128 2524 rudes,
2146 2473 2211 2513 in-

261 2531 432 2572 fantiles
467 2534 495 2574 &
518 2533 765 2586 incompleti
788 2536 905 2574 actus
938 2533 1035 2573 fidei
1068 2534 1096 2575 &
1129 2531 1444 2586 resipiscentiae
1472 2532 1516 2572 in
1534 2531 1758 2573 Timotheo
1777 2546 1919 2586 puero,
1943 2532 1987 2572 in
2005 2545 2087 2585 quo
2105 2545 2209 2572 con-

261 2590 395 2630 versio
414 2590 612 2631 continuo
631 2605 678 2631 30
701 2591 932 2632 successivo
950 2595 1068 2632 motu
1084 2590 1315 2646 pertendit;
1337 2592 1366 2632 &
1383 2590 1425 2630 in
1444 2590 1527 2631 alio
1545 2590 1686 2644 aliquo
1703 2605 1833 2644 puero
1845 2590 2048 2645 regenit0‚
2066 2589 2110 2630 in
2128 2603 2210 2643 quo

260 2648 473 2688 conversio
496 2663 577 2689 non
595 2649 822 2702 pertendit.
843 2650 880 2690 6.
900 2650 966 2691 An
984 2650 1013 2691 81
1036 2650 1201 2703 quando
1224 2648 1420 2689 differant
1438 2648 1565 2690 iidem
1578 2652 1695 2690 actus
1713 2649 1757 2689 in
1770 2648 2007 2699 Timotheo,
2035 2648 2088 2689 ab
2106 2648 2211 2689 acti-

261 2705 338 2745 bus
356 2720 406 2745 ex
425 2705 606 2747 formato
625 2722 672 2748 30
690 2708 879 2748 stabilito
898 2708 1178 2749 conversionis
1202 2708 1231 2749 81
1253 2707 1349 2748 fidei
1366 2707 1514 2748 habitu
1536 2707 1720 2749 elicitis?
1750 2706 1949 2749 XXXIV.
1982 2706 2120 2749 Probe.
2141 2706 2210 2748 An

260 2763 514 2804 tentationes
532 2765 560 2805 81
579 2765 832 2807 desertiones
850 2766 1107 2819 spirituales,
1129 2781 1202 2807 seu
1219 2766 1331 2807 lucta
1349 2766 1491 2819 aliqua
1510 2766 1646 2807 carnis
1660 2767 1689 2808 81
1707 2766 1880 2820 spiritus
1897 2765 2034 2806 locum
2051 2764 2209 2807 habeat

259 2821 300 2861 in
339 2821 482 2862 electis
516 2824 613 2863 ante
636 2824 962 2866 conversionem.
996 2825 1115 2879 Hesp.
1148 2824 1211 2866 De
1244 2838 1328 2865 non
1350 2823 1576 2866 foederatis
1595 2824 1624 2866 &
1642 2823 1882 2879 irregenitis
1899 2823 2090 2866 absolute
2111 2824 2207 2878 Neq.

2143 2881 2209 2923 De
