2399 3084
331 109 416 149 220
524 110 667 151 D1sp.
702 108 822 150 VIII.
856 111 927 151 DE
960 110 1204 152 Pmsom
1236 109 1459 152 CHRISTI
1492 108 1831 153 MEDIAroms.
1865 112 2003 155 PARS
2035 113 2069 156 I.

330 231 449 272 video
463 233 487 271 a
505 230 756 283 quibusdam
773 233 847 272 aut
864 232 972 273 lecta
989 247 1072 273 non
1086 247 1188 283 esse,
1203 235 1276 273 aut
1288 235 1472 273 mentem
1485 235 1673 274 nostram
1690 234 1809 289 [pag.
1824 235 1929 288 307]
1942 250 2023 276 non
2037 235 2138 276 satis
2151 235 2272 275 intel-

331 290 497 339 lectam,
516 302 598 329 non
620 288 785 343 pigebit
801 289 871 331 hic
888 290 1073 331 breviter
1089 291 1361 344 sequentibus
1380 291 1713 333 conclusionibus
1731 295 1932 346 repetere.
1965 293 2156 335 Dicimus
2173 307 2273 347 ergo

336 349 371 397 l,
407 346 504 387 Non
538 347 746 400 disputari
763 348 816 388 ab
834 348 1076 390 orthodoxis
1095 352 1239 390 contra
1256 348 1500 391 Socinianos
1518 352 1591 391 aut
1612 349 1958 393 Remonstrantes
1977 355 2050 393 aut
2066 351 2273 392 Luthera-

335 420 424 446 nos.
457 404 526 445 An
543 405 749 447 mediator
767 406 822 447 sit
844 407 1038 461 religiose
1062 407 1330 448 invocandus.
1366 408 1404 448 2.
1440 409 1518 451 Nec
1534 409 1674 457 etiam,
1694 408 1762 449 An
1780 410 1891 451 filius
1909 410 1989 451 Dei
2005 413 2100 464 post
2113 425 2274 450 assum-

332 466 421 504 tam
440 478 607 505 carnem
625 464 878 515 exinanitus,
898 480 969 506 seu
984 480 1120 512 carne,
1140 466 1169 507 81
1184 466 1322 507 officio
1340 467 1587 508 mediatorio
1600 467 1790 517 vestitus,
1805 468 1859 509 sit
1872 469 2120 510 adorandus.
2140 470 2179 509 3.
2196 469 2275 510 Nec

331 521 551 576 disputari,
585 521 653 562 An
689 523 801 573 talis,
821 538 894 564 seu
912 526 959 564 ut
980 524 1077 565 talis
1097 527 1120 565 3
1141 524 1261 565 nobis
1279 525 1452 578 concipi,
1472 525 1664 579 cogitari,
1683 526 1948 578 considerari,
1968 528 1997 569 81
2014 527 2190 581 proponi
2209 527 2274 567 de-

334 581 432 621 beat
445 580 556 621 filius
576 580 655 621 Dei
673 596 767 622 cum
786 582 907 622 illum
924 582 1121 637 religiose
1139 583 1328 624 colimus.
1347 583 1463 624 Haec
1480 584 1620 624 onmia
1639 585 1869 626 concedunt
1886 600 2028 626 omnes
2041 585 2273 636 orthodoxi,

331 640 361 680 81
377 654 452 679 1103
489 654 582 680 011111
614 639 700 680 11113
734 642 878 681 contra
911 641 1121 694 sophistas
1139 641 1249 692 illos,
1267 656 1370 695 quos
1388 644 1507 682 taxat
1524 643 1553 684 81
1576 642 1734 684 refutat
1752 642 1925 684 Melant.
1945 646 2050 697 part.
2071 645 2110 685 2.
2129 643 2274 685 consil.

330 712 373 751 p.
392 697 489 738 242.
509 697 581 738 ubi
599 699 927 740 controversiam
943 699 1003 740 ita
1020 700 1234 753 proponit:
1263 700 1369 743 Cum
1386 701 1591 754 sophistae
1602 702 1775 756 quidam
1787 703 2046 752 contendant,
2065 703 2275 744 Christum

331 769 445 798 1111110
459 763 548 810 post
560 757 798 810 passionem
814 771 901 798 ozon
918 758 1201 800 invocantium
1218 773 1301 800 esse
1319 760 1585 801 mediatorem
1600 774 1672 801 seit
1689 760 2006 811 intercessorem,
2025 761 2094 802 sed
2110 765 2274 803 trintum

334 823 375 856 ut
398 816 549 863 Dedin,
568 815 753 856 datorem
771 815 991 866 bonorum,
1014 816 1054 858 a
1074 818 1209 858 nolim
1227 817 1325 858 diei:
1347 818 1429 859 Fili
1444 818 1523 860 Dei
1539 820 1592 860 D.
1613 818 1712 860 Jesit
1733 819 1890 860 Christe
1906 820 2104 861 ‘intercede
2118 833 2194 873 ‘pro
2211 833 2275 860 me

328 874 445 926 apud
460 881 673 914 aeternum
682 882 860 927 patrem,
879 888 1031 916 neeesse
1050 883 1106 916 est
1123 876 1331 929 empliedri,
1351 877 1453 931 quid
1471 877 1516 917 in
1534 877 1610 918 liae
1625 878 1901 919 controversia
1909 878 2193 932 judicandam
2206 878 2271 918 sit.

330 932 396 972 Ex
427 931 493 972 his
531 931 681 982 verbis,
717 936 744 971 &
777 933 877 974 locis
914 933 1222 988 theologorum,
1243 948 1345 987 quos
1364 935 1466 975 citat
1484 935 1687 986 Amesiits,
1706 935 1840 989 liquet
1857 951 1926 977 eos
1944 936 2051 976 nihil
2074 936 2189 977 aliud
2207 950 2273 976 vo-

330 990 470 1040 luisse,
506 1005 633 1044 quam
665 991 775 1044 quod
811 1006 885 1032 nos
924 994 1071 1045 sponte
1094 992 1370 1034 concedimus.
1406 993 1444 1034 4.
1480 994 1559 1036 Nec
1574 1008 1648 1047 per
1664 1008 1931 1047 consequens,
1952 994 2186 1048 Disputari,
2205 993 2273 1034 An

328 1048 520 1089 Christus
539 1048 743 1090 mediator
762 1052 805 1090 ut
827 1050 1032 1091 mediator
1050 1051 1105 1091 sit
1122 1051 1333 1105 objectum
1355 1052 1699 1093 considerationis
1718 1068 1726 1100 ;
1746 1052 1824 1093 hoc
1842 1055 1917 1103 est,
1936 1052 2004 1093 An
2021 1053 2268 1103 incarnatio,

329 1110 479 1148 natura
517 1107 716 1158 humana,
750 1109 951 1149 mediatio
984 1124 1078 1150 cnm
1115 1111 1204 1150 toto
1237 1112 1351 1150 statu
1370 1110 1677 1152 humiliationis
1695 1111 1724 1152 &
1743 1111 2025 1162 exaltationis,
2044 1111 2088 1152 in
2111 1111 2272 1165 objecto

329 1166 539 1206 adorando
573 1180 644 1206 seu
676 1166 718 1206 in
758 1166 939 1218 Christo,
974 1182 1097 1221 quem
1131 1168 1351 1209 adoramus
1385 1170 1413 1211 81
1442 1184 1536 1210 011111
1555 1170 1790 1217 adoramus,
1810 1170 2109 1211 consideranda
2127 1170 2224 1221 sint,
2243 1169 2272 1211 81

268 1242 276 1247 ·
331 1224 522 1265 Christus
559 1239 655 1265 011111
686 1224 737 1266 113
770 1225 825 1266 3113
843 1226 1068 1267 adorabilis
1087 1242 1168 1267 11011
1192 1227 1331 1268 minus
1349 1242 1474 1281 quam
1493 1230 1590 1268 ante
1607 1228 1951 1280 incarnationem,
1975 1231 2047 1269 aut
2069 1231 2165 1269 ante
2183 1243 2273 1269 3113-

332 1286 495 1337 ceptam
513 1282 823 1325 mediationem.
858 1285 895 1325 5.
932 1286 1011 1328 Nee
1027 1285 1246 1339 disputari,
1266 1301 1319 1326 311
1336 1286 1548 1337 mediatio,
1567 1287 1844 1327 sacerdotium
1862 1286 2032 1335 Christi,
2050 1287 2189 1340 passio
2207 1287 2272 1328 810.

334 1356 407 1382 3611
445 1341 718 1382 mediatorem
752 1357 854 1393 esse,
888 1346 961 1384 aut
989 1344 1260 1393 sacerdotem,
1285 1347 1359 1385 aut
1376 1359 1547 1398 passum
1569 1360 1657 1386 esse
1675 1360 1749 1398 pro
1767 1345 1886 1386 nobis
1907 1347 1972 1387 810.
1991 1345 2074 1387 sint
2093 1345 2274 1386 conside-

335 1400 468 1440 randa
502 1399 544 1440 in
582 1400 824 1441 adoratione
859 1401 1018 1442 Christi
1039 1404 1242 1456 tanquam
1261 1403 1465 1443 motivum
1484 1404 1513 1444 81
1535 1404 1642 1444 131310
1661 1404 1931 1454 adorationis,
1951 1404 1994 1444 in
2013 1403 2271 1458 quaestione,

331 1473 473 1511 quare,
507 1473 578 1499 seu
611 1473 697 1500 cur.
732 1459 770 1500 6.
805 1459 1117 1513 Consequenter
1148 1475 1230 1501 11011
1248 1460 1482 1514 Disputari,
1507 1461 1608 1509 Quis
1627 1461 1681 1502 sit
1699 1462 1945 1511 adorandus,
1964 1465 2037 1503 aut
2059 1462 2194 1516 qualis
2218 1462 2273 1503 sit

332 1517 583 1567 adorandus,
619 1519 692 1557 aut
709 1532 782 1558 cur
800 1518 855 1558 sit
872 1519 1120 1560 adorandus.
1158 1520 1196 1560 7.
1230 1520 1309 1562 Nec
1328 1520 1545 1573 disputari,
1570 1519 1638 1560 An
1660 1520 1866 1561 mediator
1887 1520 1929 1560 in
1949 1535 2072 1561 sensu
2089 1520 2270 1561 identico

331 1575 611 1628 reciprocetur
641 1589 734 1616 cum
757 1576 844 1617 filio
866 1577 947 1618 Dei
969 1577 1178 1632 (quamvis
1196 1592 1279 1618 non
1296 1578 1338 1618 in
1358 1593 1481 1619 sensu
1499 1578 1698 1632 formali),
1717 1578 1911 1632 idemque
1929 1579 2200 1620 tribuendum
2218 1579 2272 1620 sit

332 1633 566 1684 mediatori,
600 1634 710 1687 quod
741 1634 829 1676 filio
866 1634 969 1688 Dei;
1003 1636 1091 1677 vice
1110 1651 1243 1677 versa.
1269 1637 1307 1677 8.
1333 1637 1412 1679 Nee
1429 1636 1647 1690 disputari,
1666 1636 1735 1677 An
1753 1637 1945 1678 Christus
1962 1637 2180 1688 mediator,
2200 1640 2272 1678 aut

332 1691 472 1743 homo,
509 1692 621 1732 filius
658 1693 854 1741 hominis,
887 1693 1019 1735 frater
1035 1697 1188 1745 noster,
1208 1695 1397 1736 sacerdos
1415 1698 1569 1746 noster,
1592 1695 1647 1736 sit
1664 1695 1872 1748 objectum
1891 1696 2108 1737 materiale
2126 1696 2272 1737 adora-

331 1750 458 1792 tionis
490 1750 733 1792 distinctum
752 1752 804 1792 ab
823 1753 1018 1793 ultimato
1041 1754 1069 1795 81
1088 1753 1280 1794 ultimate
1302 1753 1584 1795 terminativo.
1605 1754 1645 1796 9.
1662 1754 1849 1809 Denique
1865 1769 1947 1795 non
1967 1754 2185 1808 disputari.
2206 1754 2272 1795 An

330 1809 536 1863 particula
562 1823 645 1864 (μία
672 1810 971 1852 catachrestice
1001 1811 1053 1852 ab
1073 1812 1214 1865 aliquo
1232 1814 1434 1865 usurpata
1456 1815 1659 1866 tanquam
1682 1827 1964 1867 synonymum
1980 1816 2048 1850 τοῦ
2066 1813 2178 1868 (μιὶα,
2199 1815 2272 1854 aut

331 1867 458 1908 etiam
476 1868 569 1908 laxe
586 1869 614 1910 ἃ
631 1868 770 1909 111111113
803 1870 971 1923 proprie
1005 1872 1174 1924 accepta
1208 1870 1476 1924 (Scholastici
1509 1871 1652 1912 dicunt
1682 1872 1961 1927 specisiecttive)
1995 1872 2023 1912 81
2043 1872 2091 1912 (16
2111 1871 2270 1912 Christi

331 1926 572 1967 adoratione
597 1930 813 1981 usurpata,
840 1928 1049 1969 haeresim
1066 1929 1248 1970 inducat.
1263 1928 1451 1970 Minime.
1472 1929 1775 1983 Logomachias
1796 1929 1908 1970 enim
1925 1944 2019 1970 cum
2037 1928 2272 1971 Socinianis

332 1985 552 2025 orthodoxi
564 1999 646 2025 non
661 1989 865 2035 exercent,
879 2002 1014 2040 neque
1026 1987 1068 2027 in
1085 1987 1220 2028 verbis
1235 2002 1376 2028 eorum
1388 1988 1582 2029 haeresin
1591 1990 1853 2041 quaererent,
1864 1988 1899 2028 si
1912 1988 2014 2029 certi
2028 1991 2166 2029 essent
2179 2003 2272 2029 sen-

332 2058 424 2083 sum
438 2058 578 2084 eorum
599 2058 746 2085 sanum
767 2060 868 2086 esse.
888 2045 1088 2094 Quamvis
1104 2046 1270 2099 placeat
1287 2046 1392 2086 illud
1410 2046 1573 2087 Calvini
1591 2047 1663 2087 lib.
1684 2047 1722 2087 2.
1741 2045 1927 2087 Institut.
1947 2061 2035 2099 cap.
2057 2047 2094 2087 2.
2114 2049 2211 2087 sect.
2233 2046 2270 2086 7.

332 2102 531 2157 Equidem
553 2106 807 2153 λογομαχὶκς
824 2104 1054 2154 abominor,
1073 2104 1224 2160 q'itib'its
1240 2106 1402 2159 frastra
1423 2105 1583 2147 ecelesia
1599 2105 1825 2159 formatur.-
1842 2105 1912 2146 sed
1933 2105 2116 2158 reliqiose
2136 2118 2273 2146 censeo

330 2161 531 2202 cavendas
547 2174 614 2202 eds
634 2174 755 2211 voees,
773 2176 877 2217 (litae
888 2162 1121 2204 absurdam
1138 2164 1305 2218 aliquod
1322 2171 1492 2205 sonant:
1511 2164 1755 2217 praesertim
1774 2163 1846 2204 ubi
1859 2164 2082 2217 pernitiose
2093 2171 2270 2205 erratur.

336 2219 401 2259 10.
438 2218 517 2262 Sed
549 2219 755 2272 disputari
789 2220 899 2261 inter
917 2221 1132 2271 orthoxus,
1152 2221 1219 2262 An
1237 2222 1433 2262 mediatio
1457 2236 1529 2262 seu
1546 2221 1820 2262 mediatorem
1839 2236 1927 2262 esse
1946 2222 2000 2262 sit
2020 2221 2271 2262 fundamen-

332 2280 422 2318 tum
440 2277 694 2318 adorationis
714 2278 743 2319 81
760 2278 867 2319 ratio
885 2280 1213 2320 fundamentalis
1231 2294 1278 2320 ac
1297 2280 1414 2335 [pag.
1436 2280 1541 2334 308]
1560 2279 1749 2321 formalis
1769 2294 1874 2333 quae
1893 2295 1935 2321 se
1953 2282 2068 2320 tenet
2085 2295 2134 2320 ex
2152 2282 2272 2333 parte

333 2335 484 2389 objecti
521 2336 761 2384 adorabilis,
796 2337 856 2377 ita
889 2340 935 2378 ut
966 2340 1138 2391 propter
1157 2338 1276 2389 illud,
1294 2338 1503 2391 objectum
1521 2338 1752 2388 materiale,
1771 2338 1881 2391 quod
1899 2338 2108 2386 adoratur,
2128 2338 2273 2379 funda-

333 2394 574 2434 mentaliter
607 2394 662 2435 sit
693 2395 905 2436 adorabile
941 2396 969 2437 81
1004 2396 1260 2437 3(101311(111111
1293 2395 1407 2451 (Vid.
1438 2410 1482 2450 p.
1512 2396 1608 2436 524.
1629 2396 1726 2438 525.
1744 2410 1810 2450 pr.
1826 2405 1938 2450 part.
1957 2396 2106 2450 disp.);
2130 2411 2202 2437 seu
2219 2411 2273 2436 an

334 2451 526 2493 Christus
564 2467 647 2506 qua
670 2453 890 2505 mediator,
909 2454 964 2494 sit
982 2455 1193 2508 objectum
1210 2454 1390 2495 formale
1409 2454 1688 2504 ad01·ati011is;
1708 2458 1754 2495 ut
1771 2455 1979 2509 particula
2000 2468 2084 2510 qua
2105 2454 2271 2508 proprie

335 2510 363 2550 81
383 2510 526 2551 stricte
543 2510 612 2551 1110
635 2511 883 2565 accipiatur,
902 2512 980 2553 1100
1004 2515 1066 2553 est
1084 2513 1392 2566 redttpl‘iecttive.
1425 2512 1658 2553 Affirmant
1676 2511 1901 2564 Sociniani,
1920 2515 2086 2553 tantum
2108 2512 2272 2552 adorari

336 2568 551 2608 Christum
589 2583 672 2623 qna
705 2571 988 2621 mediatorem,
1025 2586 1098 2612 seu
1130 2571 1206 2612 sub
1239 2571 1313 2611 illo
1348 2571 1530 2621 formali,
1563 2585 1646 2627 qua
1669 2572 1889 2619 ‘medicttom
1908 2572 1936 2613 81
1953 2570 2272 2611 fundamentum

336 2626 590 2667 adorationis
628 2642 701 2668 seu
733 2629 939 2670 rationem
977 2629 1210 2678 formalem,
1235 2644 1342 2683 quae
1364 2645 1407 2670 36
1424 2633 1540 2670 tenet
1558 2644 1607 2670 ex
1629 2632 1748 2683 parte
1766 2629 1918 2683 objecti
1939 2628 2165 2670 adorabilis
2183 2643 2272 2669 esse

336 2684 467 2724 solam
507 2685 813 2737 mediationem,
851 2702 934 2728 non
966 2702 1063 2728 vero
1100 2690 1315 2728 aeternam
1345 2687 1557 2729 deitatem.
1591 2687 1822 2728 Affirmant
1852 2689 2076 2740 utrumque
2093 2686 2272 2727 Hemon-

337 2744 532 2792 strantes,
551 2743 715 2784 adorari
732 2745 821 2786 scil.
839 2745 1053 2787 Christum
1071 2747 1100 2788 81
1118 2748 1200 2799 qua
1218 2745 1355 2787 Deum
1373 2747 1401 2788 81
1420 2748 1502 2800 qua
1513 2746 1785 2788 mediatorem
1798 2745 2023 2799 (particula
2035 2747 2117 2798 qua
2129 2744 2271 2785 stricte

337 2800 366 2842 81
398 2800 699 2853 reduplicative
732 2805 918 2858 accepta)
934 2818 942 2844 :
977 2807 1037 2844 ita
1068 2807 1115 2845 ut
1147 2805 1226 2845 duo
1259 2804 1456 2846 distincta
1487 2804 1774 2855 fundamenta,
1807 2806 1836 2846 81
1867 2804 1970 2845 (11133
1985 2803 2170 2845 rationes
2186 2803 2272 2902 sclu-

2139 2875 2208 2902 ma
2228 2875 2270 2903 es
