2399 3084
480 454 1141 536 DISPUTATIO
1195 452 1645 531 DECIMA.

413 655 553 718 DE
616 644 1728 717 REGENERATIONE¹>.

163 788 210 829 Ut
239 787 468 828 necessaria
490 787 547 826 sie
564 786 729 840 coyntae
748 786 924 842 difficilis
941 792 997 825 est
1014 784 1201 825 doctrina
1224 783 1272 824 (le
1289 781 1603 836 Reqeneratione
1634 779 1732 820 Joh.
1758 780 1796 820 3.
1836 779 2036 832 Quamvis

96 846 208 887 enim
239 846 469 899 scriptione
500 858 603 895 eam,
637 857 850 899 quousque
877 844 932 885 at!
963 844 1137 884 salntem
1169 838 1880 896 requiritur,proponant:modam
1900 845 2036 878 tamen

96 905 198 958 ejus,
235 902 275 945 a·
291 904 464 945 occultos
481 903 645 944 (livinae
659 903 818 956 qratiae
834 903 979 944 (taetus
997 902 1100 942 eitra
1126 901 1290 941 initium
1317 898 1357 941 ἃ·
1377 911 1643 953 proqressum
1662 897 1749 950 esa-s·
1765 910 1885 937 nemo
1902 897 1947 937 in
1965 896 2040 937 hac

96 963 177 1004 vita
211 963 382 1017 perfecte
413 962 659 1016 assequitur.
693 961 866 1003 Doctam
895 974 988 1013 erqo
1005 960 1215 1001 seientiam
1238 958 1308 1000 abi
1325 958 1441 999 omni
1457 957 1594 998 stadio
1613 956 1762 1010 spirita
1778 955 1936 1009 qratiae
1952 968 2039 995 coo-

96 1028 279 1076 perante,
312 1034 389 1074 pro
421 1020 589 1062 modulo
607 1021 758 1075 quique
775 1033 849 1062 suo
871 1019 1045 1060 assecuti
1063 1021 1080 1073 s
1087 1018 1282 1065 norimus,
1305 1024 1458 1059 caetera
1482 1016 1690 1070 quieseant
1707 1022 1860 1055 memes
1877 1020 2041 1054 nostrae

97 1081 143 1121 «ῖη
173 1079 393 1122 altitudine
423 1079 603 1120 veritatis
635 1079 821 1128 occultae,
860 1076 900 1119 a
933 1077 1093 1118 doctam
1116 1076 1400 1130 ‘iquorantiam
1419 1075 1625 1128 sapienter
1642 1074 1937 1129 profiteamur:
1955 1085 2040 1113 aon

99 1138 240 1180 minus
267 1151 313 1180 ae
343 1137 565 1192 prophetae
585 1151 675 1179 eam
708 1138 813 1178 cirea
846 1137 1058 1178 scientiam
1097 1134 1145 1177 cte
1177 1134 1363 1176 naturali
1388 1133 1647 1188 qeiiercttione
1667 1131 1848 1173 hominis
1863 1131 2041 1186 professi

100 1204 196 1239 sum
212 1196 281 1239 Ps.
302 1197 396 1237 139.
415 1195 656 1237 Ecclesiast.
683 1196 749 1237 11.

163 1318 205 1362 1.
239 1317 489 1372 Redemptio
522 1332 596 1372 per
631 1317 848 1359 Christum
880 1317 964 1358 late
983 1318 1164 1370 sumpta,
1184 1318 1348 1357 constat
1364 1313 1674 1368 impetratione,
1698 1313 1727 1354 &
1744 1312 2041 1367 applicatione.

102 1377 344 1431 Applicatio
379 1379 441 1417 est
458 1376 666 1417 traductio
696 1391 768 1417 seu
786 1375 1009 1416 translatio
1027 1375 1255 1416 electorum
1278 1377 1302 1415 a
1324 1373 1508 1414 tenebris
1526 1373 1576 1414 ad
1600 1372 1749 1421 lucem,
1769 1374 1793 1412 a
1808 1370 2041 1425 perditione

102 1436 155 1477 ad
189 1436 382 1477 salutem.
415 1435 519 1489 Ejus
552 1437 693 1488 partes
727 1434 813 1475 sive
849 1437 965 1475 actus
994 1436 1092 1475 sunt
1114 1433 1244 1474 trium
1265 1447 1480 1487 generum,
1499 1431 1571 1484 qui
1591 1430 1671 1471 hoc
1687 1430 1830 1471 ordine
1848 1431 2041 1485 (naturae

105 1494 192 1535 scil.
213 1509 355 1535 omnes
371 1509 380 1543 3
413 1493 614 1547 temporis
648 1507 745 1534 vero
763 1492 912 1546 aliqui)
931 1492 1174 1546 procedunt.
1202 1490 1234 1532 I.
1265 1490 1466 1532 Actiones
1484 1489 1564 1530 Dei
1580 1490 1714 1530 reales
1733 1488 1822 1544 (sed
1838 1487 2039 1528 intentio-

102 1553 217 1593 nales
251 1567 322 1594 seu
355 1552 555 1594 relativae
590 1555 613 1592 a
634 1551 814 1593 termino
837 1552 866 1592 &
885 1551 1035 1592 effectu
1053 1550 1111 1591 sic
1128 1550 1460 1591 denominandae
1475 1549 1503 1602 ς)
1522 1548 1674 1602 quibus
1696 1562 1771 1601 per
1786 1546 2042 1587 intentiona-

103 1611 185 1652 lem
199 1611 556 1661 constitutionem,
570 1625 643 1652 seu
658 1610 776 1665 [pag.
795 1609 903 1664 433]
928 1609 1162 1651 sententiae
1181 1608 1505 1649 declarationem
1523 1607 1638 1648 Deus
1655 1606 1798 1647 electis
1817 1605 2042 1659 applicat&

106 1669 260 1710 addicit
278 1669 417 1710 omnia
433 1669 544 1709 bona
563 1683 637 1723 per
660 1668 875 1710 Christum
891 1670 1026 1721 parta.
1045 1667 1254 1708 Dicuntur
1271 1669 1411 1708 autem
1425 1665 1524 1707 illae
1546 1664 1888 1706 contradistincte
1905 1663 2042 1704 inten-

104 1727 282 1768 tionales
295 1742 367 1768 seu
380 1727 594 1775 relativae;
609 1727 708 1780 quia
721 1727 764 1767 in
777 1727 963 1780 subjecto
976 1740 1049 1767 seu
1060 1726 1222 1779 objecto
1235 1740 1309 1766 suo
1322 1740 1405 1765 non
1417 1724 1573 1765 realem
1587 1726 1660 1764 aut
1672 1722 1956 1772 intrinsecam,
1970 1723 2043 1762 aut

104 1785 393 1827 inhaerentem
425 1786 724 1835 mutationem3
753 1785 824 1826 sed
840 1787 1006 1825 tantum
1023 1783 1243 1825 relativam
1271 1798 1343 1824 seu
1361 1783 1637 1824 extrinsecam
1657 1784 1801 1836 (quam
1822 1794 2043 1834 possumus

104 1858 251 1885 vocare
269 1844 539 1885 mutationem
555 1844 701 1897 statas)
720 1844 763 1884 in
785 1844 959 1897 objecto,
978 1846 1050 1884 aut
1067 1842 1206 1896 potius
1224 1843 1331 1883 circa
1344 1842 1553 1895 objectum
1566 1839 1766 1881 efficiunt.
1785 1837 1892 1880 Sunt
1902 1840 2043 1879 autem

108 1905 223 1943 actus
261 1902 325 1943 illi
359 1903 658 1953 Reconciliatio,
695 1902 952 1959 Jitstisicatt'O,
990 1901 1163 1956 Adoptt‘o
1176 1916 1191 1950 ;
1227 1900 1361 1941 active
1394 1899 1483 1941 scil.
1502 1901 1709 1953 sumptae.
1743 1898 1832 1948 Illa,
1856 1899 2043 1938 removet

108 1961 232 2012 mala,
265 1962 294 2003 &
327 1961 545 2002 dissidium
577 1961 687 2002 inter
718 1960 855 2002 Deum
874 1960 903 2001 81
919 1974 1012 2001 nos:
1037 1959 1110 2000 ubi
1132 1959 1246 2000 Deus
1265 1973 1308 2000 se
1328 1958 1459 2000 habet
1476 1960 1524 1998 ut
1540 1971 1637 2011 pars
1655 1957 1769 1997 laesa
1787 1957 1815 1998 &
1832 1958 1879 1996 ut
1897 1969 2041 2009 supre-

108 2034 200 2060 mus
232 2019 435 2060 dominus.
470 2021 588 2062 Rom.
624 2021 662 2060 5.
707 2020 771 2061 10.
807 2020 874 2061 11.
915 2019 953 2059 2.
998 2017 1181 2061 Corinth.
1206 2017 1333 2058 518.
1359 2017 1427 2058 19.
1461 2017 1548 2058 Ista
1565 2016 1673 2056 bona
1690 2017 1812 2069 parta
1834 2014 2044 2067 adjudicat

109 2078 316 2118 sententia
343 2078 667 2131 jurisdictionis:
702 2078 774 2118 nbi
806 2077 921 2118 Deus
951 2092 993 2118 se
1010 2077 1140 2117 habet
1156 2076 1290 2117 instar
1302 2075 1454 2129 judicis
1473 2076 1590 2117 Boni.
1611 2074 1649 2114 3.
1670 2074 1738 2114 24.
1758 2073 1827 2114 25.
1847 2073 1914 2113 26.
1934 2071 2045 2114 Haec

109 2135 238 2176 animi
272 2151 441 2177 sensum
473 2136 633 2190 profert
670 2151 716 2177 ac
739 2137 942 2186 declarat,
976 2138 1067 2176 tum
1100 2135 1143 2175 in
1161 2134 1368 2176 familiam
1386 2148 1505 2175 suam
1523 2134 1676 2174 electos
1695 2131 1944 2181 asciscendo,
1963 2131 2043 2185 (Jo-

109 2194 239 2235 kann.
272 2196 308 2235 1.
337 2195 402 2235 12.
425 2196 489 2235 13.
508 2195 664 2248 Ephes.
686 2196 723 2236 1.
744 2194 800 2248 5.)
818 2197 909 2235 tum
926 2193 1242 2235 testamentarie
1259 2192 1378 2246 quasi
1397 2191 1651 2246 disponendo
1669 2192 1698 2232 &
1716 2189 1975 2239 declarando,
1998 2191 2045 2229 ut

110 2267 216 2306 quae
249 2267 299 2293 ex
331 2253 481 2294 merito
512 2253 672 2294 habent
693 2267 768 2307 per
801 2252 1053 2294 sententiam
1071 2251 1385 2305 jurisdictionis,
1404 2251 1549 2292 eadem
1571 2250 1697 2290 etiam
1718 2248 1845 2303 digna
1863 2247 2044 2302 quadam

110 2311 272 2352 ratione
304 2310 489 2352 habeant
516 2311 611 2365 jure
642 2311 858 2352 filiationis
891 2312 920 2353 &
951 2310 1237 2352 haereditatis.
1271 2311 1366 2352 Luc.
1392 2310 1460 2350 22.
1482 2309 1550 2349 29.
1570 2309 1686 2351 Rom·
1708 2307 1774 2348 18.
1801 2306 1955 2348 16.17.
1988 2305 2045 2347 Et

110 2369 179 2410 hic
211 2369 498 2410 consideratur
527 2369 643 2410 Deus
676 2373 879 2423 tanquam
911 2368 1232 2423 paterfamilias.
1266 2368 1481 2417 Quomodo
1518 2369 1660 2408 autem
1711 2364 1853 2406 reduci
1883 2364 2045 2418 possint

111 2427 280 2481 adoptio
312 2428 341 2470 &
372 2427 656 2469 reconciliatio
682 2429 734 2469 ad
761 2427 1120 2482 justificationem,
1139 2442 1211 2468 seu
1229 2427 1367 2481 potius
1385 2425 1590 2479 quomodo
1612 2439 1707 2465 cum
1723 2423 1775 2464 iis
1792 2422 1998 2476 componi,
2015 2423 2045 2464 &

111 2500 165 2526 an
191 2500 239 2527 ac
270 2486 477 2539 quomodo
510 2485 746 2527 formaliter
782 2486 834 2526 ab
874 2490 922 2526 ea
954 2485 1096 2527 stricte
1123 2488 1292 2539 accepta
1309 2484 1517 2534 differant,
1535 2483 1637 2524 alibi
1655 2483 1837 2523 docetur.
1870 2480 2044 2522 Interim

111 2544 344 2594 consulant,
378 2544 449 2598 qui
487 2544 640 2585 volent.
679 2544 879 2586 Twissum
915 2545 961 2586 in
1004 2544 1194 2586 vindictis
1225 2544 1382 2597 qratiae
1410 2556 1451 2596 p.
1485 2541 1584 2582 626.
1616 2541 1688 2582 ubi
1705 2540 1824 2582 docet
1840 2539 2045 2594 quomodo

115 2602 378 2651 conveniant,
412 2604 441 2644 81
463 2602 673 2653 differant,
690 2602 905 2650 redemtio,
923 2602 1220 2653 reconciliatio,
1248 2601 1438 2642 remissio
1459 2602 1736 2654 peccatorum.
1769 2597 1825 2640 II.
1847 2598 2046 2639 Actiones

112 2659 192 2702 Dei
208 2661 387 2702 morales
403 2676 412 2710 ;
430 2675 607 2714 quarum
625 2659 851 2702 efficientia
872 2660 1159 2714 metaphorica
1177 2663 1252 2711 est,
1272 2661 1299 2702 81
1317 2674 1392 2713 per
1408 2659 1577 2700 modum
1594 2657 1746 2712 objecti
1763 2659 1874 2708 sunt,
1892 2656 2044 2711 quibus

113 2718 316 2772 objective
347 2721 488 2761 movet
519 2723 548 2758 Sc
578 2718 907 2773 intelligibiliter
923 2718 1098 2760 instruit
1113 2719 1265 2760 electos
1283 2717 1465 2770 (adultos
1483 2716 1569 2758 scil.
1589 2719 1663 2758 aut
1682 2715 1845 2757 ratione
1861 2714 2045 2767 utentes)

1949 2786 2045 2826 pro-

159 2886 181 2923 1>
208 2884 306 2926 Resp.
335 2884 512 2917 CORNELIO
538 2884 707 2917 GENTMAN
733 2884 840 2918 Goesa
864 2884 947 2917 Zeel.
972 2885 1037 2916 Act.
1062 2885 1155 2917 diem
1182 2883 1212 2916 9.
1242 2883 1401 2917 novemb.
1426 2882 1525 2916 1639.
