2399 3084
300 114 401 141 xv111
1099 98 1456 141 ΡΒΑΕῑΑτιο.

2171 186 2246 223 Pag.

524 227 562 261 et
586 225 816 262 irascibilem
842 226 1052 270 dividat-um
1076 227 1120 261 ut
1142 226 1181 260 in
1208 226 1380 260 dlversas
1403 224 1601 268 potentias
1611 245 2130 255 ........................
2181 223 2247 258 225

369 270 444 306 139.
479 270 543 305 An
567 269 767 306 irascibilis
791 271 830 305 et
855 270 1159 314 concupiscibilis
1184 269 1365 305 obediant
1389 268 1529 303 rationi
1546 290 2134 299 ...........................
2185 268 2250 302 226

370 315 443 349 140.
481 314 681 358 Quomodo
706 315 902 357 appetitus
926 315 1137 349 sensitivus
1162 314 1321 348 moveat
1345 312 1588 347 voluntatem
1594 334 2134 346 .........................
2185 312 2251 347 226

370 359 443 393 141.
480 359 543 393 Α11
567 357 790 393 intellectus
815 358 1068 393 excellentior
1092 358 1143 393 sit
1166 357 1370 392 voluntate
1373 379 2133 391 ...................................
2185 356 2252 391 226

370 402 444 437 142.
480 403 543 436 An
566 401 750 437 voluntas
774 402 926 437 differat
950 412 972 437 a
999 400 1310 445 concupiscentia
1320 422 2132 432 .....................................
2184 400 2250 434 227

367 447 441 481 143.
478 446 540 480 An
565 445 749 481 voluntas
774 445 926 481 differat
951 457 973 481 a
997 446 1253 489 permissione
1256 466 2132 479 ........................................
2185 443 2251 478 227

370 491 443 526 144.
478 490 542 524 An
566 489 750 525 voluntas
775 490 825 525 sit
850 490 1072 525 intellectus
1097 491 1324 525 extensus..
1342 513 1389 520 ...
1408 510 2134 519 ................................
2187 488 2254 523 228

370 534 467 569 144b.
480 534 543 568 An
568 533 701 568 volitio
726 535 765 569 et
789 534 924 569 nolitio
948 534 1027 569 sint
1051 534 1224 569 actiones
1249 533 1368 568 solius
1393 532 1561 566 hominis
1586 531 1761 574 propriae
1768 555 2135 564 ................
2187 532 2253 567 229

371 578 445 614 145.
480 578 544 612 An
569 577 750 613 voluntas
775 579 933 613 moveat
957 577 1200 613 intellectum
1210 598 2135 609 ..........................................
2187 576 2254 611 229

371 622 445 657 146.
484 622 548 656 An
571 621 714 657 habeat
738 632 780 657 se
805 623 852 656 ad
877 623 1086 664 utrumque
1111 621 1332 664 oppositum
1356 620 1473 656 libere
1483 642 2136 652 .............................
2187 619 2253 655 229

372 666 446 701 147.
481 666 544 700 An
569 665 753 700 voluntas
776 666 900 709 possit
924 666 1066 709 eligere
1091 665 1220 700 minus
1246 666 1391 699 bonum
1400 686 2138 696 ..................................
2189 664 2255 698 230

373 710 447 746 148.
483 710 546 744 An
571 710 753 745 voluntas
778 710 983 753 aliquando
1009 709 1099 752 quid
1124 709 1217 743 velit
1240 710 1311 743 sul)
1337 708 1549 743 corditione
1574 708 1615 742 et
1639 706 1817 742 velleitas
1841 707 1892 742 sit
1915 707 2138 742 voluntas..
2189 708 2253 742 231

374 755 447 790 149.
483 754 546 788 An
571 754 634 796 qui
658 754 744 788 vult
768 754 897 795 finem,
923 763 1078 796 semper
1104 753 1222 788 etiam
1246 752 1340 786 velit
1364 752 1491 786 media
1516 751 1693 786 ordinata
1717 751 1765 786 ad
1789 751 1909 786 finem
1913 774 2138 786 ...........
2189 752 2252 786 231

373 799 446 834 150.
482 798 545 832 An
570 797 753 832 voluntas
778 807 856 832 non
881 798 1039 841 appetat
1061 797 1189 832 media
1212 796 1286 831 nisi
1309 796 1466 839 propter
1490 796 1609 830 finem
1620 818 2139 828 ........................
2190 796 2254 830 231

373 843 447 878 151.
483 842 546 876 An
570 841 754 876 voluntas
778 844 984 876 moveatur
1007 841 1238 876 naturaliter
1241 862 2138 875 ........................................
2191 839 2257 874 233

373 886 447 921 152.
482 886 545 920 An
571 885 853 920 determinetur
877 886 924 920 ab
949 885 1086 920 ultimo
1108 885 1249 928 judicio
1274 884 1443 928 practico
1453 906 2135 916 ..............................
2187 884 2254 918 233

375 930 447 965 153.
483 930 547 964 An
570 929 754 964 voluntas
778 929 816 964 in
841 930 991 965 actibus
1015 930 1096 965 suis
1120 929 1319 973 imperatis
1342 929 1466 972 possit
1491 927 1571 972 pati
1594 927 1821 964 violentiam
1826 951 2140 963 ...............
2194 928 2258 963 136

357 1041 417 1075 [V.
443 1040 709 1074 PROBLEMATA
737 1050 785 1075 DE
812 1040 995 1074 ANcfflAs.

2175 1106 2252 1143 Pag.

421 1149 450 1182 1.
486 1148 550 1182 An
574 1147 717 1191 Angeli
741 1147 888 1183 lumine
912 1147 1081 1182 naturali
1105 1147 1226 1182 solide
1250 1146 1401 1190 probari
1425 1145 1577 1189 possint
1586 1165 2142 1176 ..........................
2193 1144 2257 1180 241

419 1192 451 1226 2.
487 1193 550 1226 Α11
574 1191 752 1236 Angelus
777 1192 829 1227 sit
853 1192 1007 1227 creatus
1033 1192 1124 1226 ante
1149 1190 1387 1235 corporalem
1414 1190 1634 1225 creaturam
1643 1209 2143 1221 .......................
2194 1187 2260 1224 244

420 1237 451 1271 3.
487 1236 551 1271 An
575 1235 716 1279 Angeli
742 1236 821 1270 sint
845 1237 961 1270 creati
986 1236 1025 1270 in
1050 1235 1156 1271 coelo
1183 1243 1857 1282 empyreo.....................3
1869 1254 1989 1263 ......
2195 1233 2261 1269 245

421 1281 452 1314 4.
487 1281 551 1315 An
577 1280 693 1323 aliqui
717 1281 757 1315 in
780 1283 879 1322 aere,
915 1290 965 1315 an
991 1281 1029 1314 in
1056 1280 1162 1315 coelo
1187 1279 1355 1321 stellato,
1381 1288 1431 1313 an
1455 1279 1494 1313 in
1519 1277 1665 1312 mundo
1689 1276 1859 1312 inferiorl
1884 1276 2003 1311 creati
2027 1276 2144 1310 smt..
2195 1278 2261 1313 245

420 1326 452 1359 5.
489 1325 552 1360 An
576 1334 599 1359 a
622 1324 828 1368 platonicis
851 1325 956 1359 recte
982 1324 1215 1359 definiantur
1240 1322 1425 1358 animalia
1428 1342 2146 1358 ---------------------------------
2196 1322 2262 1357 245

422 1369 454 1403 6.
490 1369 555 1404 An
578 1369 728 1412 angelis
753 1369 948 1411 competat
974 1369 1173 1411 quantitas
1198 1367 1409 1411 spiritualis
1434 1368 1474 1402 et
1497 1365 1771 1401 intellectualis
1780 1387 2146 1397 .................
2197 1366 2263 1402 246

422 1414 453 1448 7.
488 1413 551 1447 An
576 1415 647 1448 sua
672 1413 844 1449 essentia
867 1413 945 1447 sint
968 1412 1122 1454 locales,
1147 1422 1198 1447 an
1221 1411 1402 1454 illocales,
1429 1412 1468 1446 et
1493 1420 1543 1446 an
1567 1410 1646 1445 sint
1670 1410 1718 1444 111·
1734 1409 1817 1445 1000
1827 1431 2147 1441 ···············
2197 1411 2262 1446 252

423 1459 454 1493 8.
491 1457 554 1492 An
577 1456 752 1492 localiter
776 1458 1010 1493 moveantur
1035 1458 1074 1491 et
1099 1457 1291 1500 quomodo
1295 1475 2148 1491 .......................................
2198 1455 2263 1490 252

424 1503 457 1538 9.
493 1501 702 1536 Possintne
726 1502 873 1537 moveri
898 1503 1010 1536 motu
1036 1501 1218 1536 continuo
1244 1510 1295 1536 an
1320 1509 1401 1535 non
1427 1499 1611 1535 continuo
1621 1520 2146 1530 ........................
2197 1499 2264 1534 253

402 1547 452 1582 10.
490 1546 553 1580 An
576 1546 811 1581 moveantur
835 1545 874 1580 in
899 1546 1074 1588 tempore
1099 1555 1149 1580 an
1174 1546 1213 1579 in
1235 1544 1409 1580 instanti.
1421 1564 2147 1576 .................................
2197 1543 2264 1579 253

402 1591 454 1627 11.
490 1590 554 1625 An
578 1589 707 1633 plures
732 1590 860 1633 angeli
884 1590 1038 1632 possint
1062 1599 1149 1624 esse
1174 1590 1213 1623 in
1238 1589 1375 1624 eodem
1399 1588 1484 1623 loco
1487 1609 2146 1623 ..............................
2197 1587 2264 1622 254

403 1635 455 1670 12.
491 1635 554 1669 An
579 1643 716 1669 omnes
739 1634 882 1677 Angeli
906 1633 1086 1669 differant
1109 1634 1235 1677 specie
1244 1654 1722 1665 ......................
1754 1637 1763 1668 ;
1780 1653 2146 1663 .................
2197 1631 2261 1666 261

404 1680 456 1714 13.
493 1678 556 1713 An
573 1678 702 1721 angeli
725 1679 805 1713 sint
828 1677 1032 1721 simplices,
1058 1687 1108 1713 an
1131 1687 1224 1713 vero
1249 1676 1463 1720 compositi,
1489 1678 1528 1712 et
1553 1676 1746 1720 quomodo
1756 1697 2144 1707 ..................
2196 1675 2260 1711 261

405 1723 457 1758 14.
480 1722 555 1765 {An
579 1722 658 1757 sint
680 1722 925 1757 immortales
950 1723 989 1757 et
1012 1721 1321 1765 incorruptibiles
1330 1741 2145 1753 .....................................
2196 1719 2259 1755 261

404 1768 456 1803 15.
489 1767 552 1802 An
577 1766 656 1801 sint
679 1765 888 1802 mutabiles
914 1765 975 1801 vel
999 1765 1264 1801 immutabiles
1273 1786 2145 1797 ........................................
2196 1763 2261 1798 262

404 1811 456 1846 16.
492 1811 555 1846 An
577 1810 618 1845 in
641 1810 791 1853 angelis
815 1810 918 1845 idem
942 1810 1021 1845 sint
1045 1810 1291 1853 suppositum
1316 1810 1355 1845 et
1379 1810 1520 1844 natura
1529 1830 2142 1842 ............................
2194 1807 2261 1842 262

405 1855 457 1891 17.
492 1855 557 1890 An
579 1853 709 1897 angeli
732 1863 895 1889 numero
921 1855 1113 1889 excedant
1137 1853 1355 1889 materialia
1362 1873 2144 1889 ....................................
2197 1851 2264 1886 262

405 1900 456 1935 18.
492 1899 556 1934 An
579 1898 730 1941 proprie
754 1898 806 1933 sit
829 1899 980 1933 ratione
1003 1898 1201 1941 praeditus
1205 1918 2148 1932 ...........................................
2198 1895 2264 1930 264

408 1944 459 1979 19.
494 1943 557 1978 An
580 1942 621 1977 in
645 1942 795 1985 angelis
820 1942 871 1977 sit
893 1942 1116 1977 intellectus
1141 1951 1263 1985 agens
1289 1943 1328 1977 et
1352 1941 1544 1985 possibilis
1556 1962 2145 1973 ...........................
2196 1938 2264 1974 264

405 1987 459 2023 20.
494 1987 558 2022 An
583 1986 711 2029 angeli
737 1985 957 2029 intelligant
981 1987 1139 2021 tantum
1169 1995 1238 2030 per
1259 1986 1407 2030 species
1432 1985 1717 2028 connaturales,
1731 1993 1781 2020 an
1795 1983 1914 2020 etiam
1928 1992 1997 2027 per
2008 1983 2156 2026 speeies

538 2040 561 2065 a
584 2032 701 2066 rebus
725 2031 904 2073 acceptas
914 2050 2150 2063 ........................................................
2201 2026 2268 2062 266

406 2075 460 2110 21.
495 2075 559 2110 An
582 2074 804 2109 intellectus
829 2073 956 2117 angeli
981 2074 1186 2117 aliquando
1211 2074 1263 2109 sit
1286 2075 1326 2109 in
1349 2074 1536 2118 potentia,
1560 2072 1766 2117 aliquando
1790 2072 1829 2107 in
1853 2072 1944 2107 actu
1947 2093 2151 2106 ..........
2201 2071 2268 2107 266

406 2119 460 2154 22.
496 2119 560 2153 An
582 2117 805 2161 intelligant
829 2118 1078 2154 discurrendo
1103 2119 1142 2154 et
1166 2118 1433 2161 componendo
1458 2126 1504 2152 ac
1528 2116 1730 2152 dividendo
1741 2138 2150 2148 ...................
2201 2115 2268 2150 266

407 2162 464 2199 23.
499 2162 700 2207 Quomodo
726 2163 966 2205 cognoscant
990 2162 1139 2206 seipsos
1164 2163 1203 2197 et
1225 2162 1321 2197 alios
1345 2161 1507 2205 angelos
1516 2183 1882 2194 .................
1894 2170 1901 2177 ·
1917 2183 2150 2192 ...........
2201 2159 2268 2194 266

409 2206 463 2243 24.
502 2208 566 2241 An
590 2205 820 2249 angelorum
847 2206 1016 2249 cognitio
1042 2207 1093 2241 sit
1116 2206 1154 2240 in
1181 2206 1407 2241 defectibilis
1417 2227 2151 2238 ..................................
2201 2203 2269 2238 266

409 2251 463 2286 25.
500 2250 700 2295 Quomodo
724 2249 1021 2293 intelligendum
1046 2250 1106 2292 sit,
1133 2250 1235 2293 quod
1257 2249 1399 2284 natura
1423 2249 1538 2284 unius
1561 2248 1690 2292 angeli
1713 2257 1793 2283 non
1815 2248 1976 2292 impedit
1994 2247 2158 2283 aliorum

544 2293 818 2337 cognitionem,
842 2295 1000 2337 propter
1025 2303 1160 2329 eorum
1185 2292 1417 2328 affinitatem
1443 2293 1484 2328 et
1505 2292 1834 2336 propinquitatem
1837 2314 2153 2327 ...............
2203 2290 2269 2326 266

409 2339 463 2374 26.
498 2338 562 2373 An
586 2337 756 2381 cognitio
781 2337 910 2380 angeli
932 2338 1057 2381 possit
1080 2337 1151 2372 dici
1175 2337 1370 2372 matutina
1393 2337 1434 2372 et
1456 2336 1700 2380 vespertina.⁴
1700 2358 2153 2369 .....................
2203 2335 2270 2371 266

409 2383 464 2418 27.
499 2382 563 2417 An
585 2381 659 2417 hae
684 2382 782 2417 duae
807 2381 1048 2424 cognitiones
1072 2382 1151 2416 sint
1177 2381 1337 2416 eaedem
1361 2389 1411 2416 an
1435 2381 1611 2416 diversae
1619 2402 2150 2413 ........................
2203 2379 2269 2415 267

410 2427 465 2462 28.
499 2426 562 2461 An
586 2425 715 2468 angeli
738 2434 806 2469 per
831 2434 903 2460 sua
926 2425 1120 2460 naturalia
1143 2425 1383 2468 cognoscant
1405 2425 1532 2461 Deum
1541 2445 2153 2457 ............................
2203 2424 2270 2459 267

411 2471 466 2506 29.
500 2471 564 2505 An
589 2469 718 2512 angeli
743 2470 984 2512 cognoscant
1007 2469 1139 2505 futura
1141 2491 1681 2504 .........................
1687 2482 1689 2484 v
1697 2490 2153 2501 .....................
2204 2467 2270 2503 267

412 2515 467 2550 30.
501 2514 564 2548 An
589 2513 828 2556 cognoscant
850 2513 1106 2556 cogitationes
1131 2513 1255 2548 cordis
1258 2534 2132 2547 ........................................
2145 2522 2154 2531 ·
2204 2511 2270 2547 267

412 2558 466 2594 31.
501 2557 565 2592 An
588 2557 828 2600 cognoscant
850 2557 1040 2600 mysteria
1063 2557 1213 2600 gratiae
1233 2578 2155 2590 ..........................................
2204 2555 2271 2590 267

413 2602 467 2637 32.
504 2601 704 2646 Quomodo
727 2600 906 2644 Angelus
928 2601 1107 2637 habuerit
1131 2600 1295 2636 liberum
1319 2601 1520 2637 arbitrium
1544 2601 1593 2636 ad
1616 2602 1762 2636 bonum
1788 2601 1828 2636 et
1851 2601 1899 2636 ad
1922 2599 2132 2637 malum...
2146 2622 2154 2631 .
2205 2599 2272 2635 268

413 2646 467 2681 33.
502 2645 565 2679 An
588 2644 628 2694 in
653 2644 802 2694 angelis
826 2645 878 2679 sit
902 2644 1067 2680 facultas
1090 2644 1290 2680 irascibilis
1315 2646 1355 2680 et
1379 2644 1683 2689 concupiscibilis
1700 2667 2154 2677 .....................
2204 2643 2272 2678 268

412 2689 467 2724 34.
502 2689 566 2724 An
589 2697 630 2723 m
653 2698 700 2723 110
723 2689 775 2723 srt
798 2688 950 2724 dilectio
977 2689 1164 2724 naturalis
1173 2710 2155 2721 .............................................
2205 2687 2272 2722 268

413 2733 469 2769 35.
504 2732 567 2767 An
591 2731 754 2776 angelus
778 2732 946 2768 naturali
969 2732 1173 2768 dilectione
1196 2732 1322 2768 Deum
1346 2732 1432 2776 plus
1457 2732 1591 2777 diligat
1615 2741 1732 2776 quam
1756 2732 1928 2777 seipsum
1931 2754 2156 2768 ...........
2205 2730 2273 2767 268

328 2778 407 2820 (36),
431 2776 485 2812 37.
501 2776 564 2811 An
589 2775 752 2819 angelus
774 2776 899 2820 possit
923 2776 1036 2812 edere
1061 2785 1154 2812 vera
1176 2775 1365 2812 miracula
1368 2798 2156 2812 ....................................
2204 2775 2273 2810 268

415 2821 468 2856 38.
503 2820 566 2855 An
590 2820 713 2864 possit
738 2821 894 2856 morbos
917 2819 1086 2856 lethales
1110 2829 1244 2857 curare
1254 2843 2133 2854 ........................................
2146 2829 2153 2838 ·
2205 2819 2274 2855 268

2131 2865 2186 2901 39.
2209 2863 2271 2900 An
