2399 3084
269 102 323 143 98
571 97 856 140 DisP.IV.
909 95 1917 139 DENnctEssIrrA'rnanrlner‘rE

266 225 401 267 fectus
433 224 562 277 Deus,
589 239 666 266 1160
688 223 776 264 vice
795 237 914 263 versa
931 222 1021 263 sine
1044 221 1219 262 crimine
1240 221 1473 262 horrendae
1492 220 1756 262 idololatriae
1774 224 1878 272 ψίλος
1902 221 2029 262 1101110
2050 223 2124 261 3111
2147 235 2223 262 311-

268 284 389 339 gelus
407 285 479 324 3111
501 296 775 338 quaecunque
795 283 987 322 creatura
1011 280 1143 321 amari
1161 294 1302 321 amore
1326 279 1480 321 divino.
1515 279 1635 329 Quod
1658 279 1693 321 si
1715 279 1893 321 maritus
1922 295 2063 321 amore
2081 280 2224 334 conju-

267 342 354 397 gali
376 357 458 383 non
476 345 614 397 potest
631 357 714 383 non
733 339 929 395 prosequi
949 353 1135 390 uxorem,
1155 353 1228 380 nec
1246 339 1392 380 eodem
1410 338 1608 392 prosequi
1625 341 1763 393 potest
1782 353 2075 393 quamcunque
2096 339 2224 380 aliam

267 401 487 442 mulierem
506 402 662 454 absque
676 413 815 442 errore
834 398 863 439 &
880 400 1049 453 peccato
1062 397 1372 439 fundamentali
1390 397 1589 438 adversus
1619 397 1885 452 conjugium:
1911 401 2069 452 quanto
2085 397 2224 439 minus

267 460 424 513 absque
459 475 597 502 errore
623 457 933 501 fundamentali
966 457 1165 498 adversus
1188 456 1439 511 religionem
1463 459 1633 497 tantum
1650 471 1768 497 amor
1784 459 2001 498 creaturae
2019 471 2116 498 vero
2134 456 2224 497 Deo

269 519 423 560 deferri
454 519 483 560 81
516 534 633 560 amor
662 517 827 559 divinus
850 531 930 557 non
949 515 1116 567 deferri,
1141 518 1214 556 aut
1231 517 1376 557 contra
1395 530 1515 557 amor
1530 514 1711 557 Divinus
1735 517 1951 557 creaturae
1975 515 2130 557 deferri
2147 530 2222 570 po-

267 580 362 619 test.
395 577 532 632 Major
563 579 674 619 certe
708 578 771 618 est
803 574 1006 616 distantia
1039 574 1149 615 inter
1182 589 1369 615 amorem
1402 577 1634 625 creaturae,
1668 575 1697 617 81
1720 574 1910 616 divinum
1927 590 1935 624 ;
1959 589 2088 628 quam
2111 574 2224 616 inter

267 651 452 678 amorem
474 650 738 678 communem
771 634 1006 684 hominum,
1043 635 1072 675 81
1100 633 1210 674 inter
1234 633 1458 687 specialem
1482 647 1668 674 amorem
1692 633 1972 688 conjugalem.
2007 633 2046 675 4.
2069 632 2114 674 Si
2130 632 2225 674 Ma-

267 695 531 737 humedistae
554 695 890 750 protestarentur
908 707 951 734 36
970 692 1186 733 Christum
1209 706 1351 733 amare
1367 708 1375 741 3
1409 692 1535 746 idque
1552 706 1637 733 non
1654 695 1823 733 tantum
1841 692 1980 733 verbis
1998 692 2071 734 sed
2088 693 2118 735 &
2134 691 2225 746 ipso

267 754 378 796 facto
396 755 677 805 ostenderent,
697 752 919 807 punientes
943 766 994 793 ex
1014 765 1154 792 amore
1179 752 1208 793 81
1225 751 1462 793 reverentia
1485 750 1643 793 Christi
1667 750 1694 792 J
1697 751 1851 792 udaeos
1869 750 2008 805 ipsum
2027 751 2222 805 blasphe-

267 816 453 855 mantes:
488 828 542 855 an
573 813 666 854 ideo
700 812 744 852 in
776 810 1009 851 fraternam
1032 810 1369 852 communionem
1402 812 1425 851 a
1447 809 1847 851 Remonstrantibus
1866 809 2224 851 admitterentur?

267 873 307 915 5.
339 871 594 914 Instantiam
626 872 774 912 damus
803 870 854 910 ad
886 869 1123 910 hominem:
1158 868 1311 910 Judaei
1333 871 1625 923 protestantur
1657 884 1700 910 se
1728 883 1859 909 unum
1877 867 2016 910 Deum
2034 868 2225 924 diligere,

267 947 350 973 non
381 934 523 973 tamen
555 945 651 972 eum
684 930 918 985 agnoscunt
947 943 993 970 ac
1011 928 1196 983 diligunt
1212 930 1417 982 tanquam
1434 930 1601 982 patrem
1619 927 1777 969 domini
1794 927 1927 968 nostri
1944 927 1972 969 J
1975 942 2046 969 esu
2067 927 2224 970 Christi

268 991 397 1046 (quod
415 989 699 1032 necessarium
717 1003 806 1029 esse
827 1002 911 1029 non
929 987 1226 1029 diffitebuntur
1248 986 1615 1041 Remonstrantes)
1635 986 1703 1027 An
1720 986 1806 1027 illis
1825 986 2053 1028 anathema
2071 987 2225 1038 dicent,

268 1050 297 1092 &
331 1050 500 1104 quidem
533 1049 612 1090 hoc
648 1048 750 1095 solo,
774 1046 873 1101 quia
890 1061 974 1087 non
993 1046 1178 1101 diligunt
1197 1061 1291 1087 eum
1315 1049 1362 1087 ut
1378 1049 1544 1100 patrem
1563 1045 1735 1087 Christi.
1770 1044 1839 1086 An
1857 1060 1954 1087 vero
1976 1045 2020 1086 in
2038 1060 2225 1087 commn-

269 1109 439 1150 nionem
461 1123 581 1150 suam
599 1121 668 1149 eos
691 1106 927 1160 recipient?
965 1104 1076 1154 Quid
1103 1119 1203 1160 ergo
1220 1105 1534 1159 respondebunt
1557 1105 1609 1146 ad
1632 1105 1722 1146 loca
1739 1104 1821 1145 ista
1838 1105 2016 1147 Roman.
2039 1105 2105 1146 10.
2125 1106 2163 1145 2.
2186 1105 2224 1146 1.

277 1168 458 1210 Thessal.
490 1168 530 1208 2.
568 1167 632 1208 15.
670 1166 738 1208 1⁴3.
759 1165 942 1207 ιῙοΙιαηη.
964 1164 1031 1205 13.
1057 1165 1124 1205 22.
1159 1163 1248 1218 Ipsi
1265 1163 1479 1206 Sociniaui
1503 1164 1614 1218 apud
1636 1163 1866 1206 Smalcium
1884 1163 1929 1204 in
1946 1164 2082 1218 Resat.
2115 1164 2225 1206 Smi-

268 1227 384 1282 9lecii
414 1226 463 1268 de
493 1239 625 1268 error.
659 1224 857 1266 Arianor.
892 1223 957 1265 lib.
997 1224 1032 1264 l.
1066 1237 1154 1278 cap.
1191 1224 1229 1263 2.
1263 1222 1453 1264 fatentur
1485 1222 1607 1264 illum
1641 1237 1729 1264 esse
1746 1222 2009 1264 haereticum
2025 1222 2099 1278 qui
2121 1223 2226 1264 talia

271 1285 458 1327 defendit
496 1299 602 1341 quae
635 1298 719 1325 11011
750 1282 1004 1337 permittunt
1028 1282 1145 1337 [pag.
1182 1282 1289 1337 498]
1308 1282 1474 1323 credere
1493 1282 1604 1336 qnod
1623 1280 1650 1323 J
1654 1296 1747 1323 esus
1766 1281 1821 1322 sit
1840 1280 2048 1331 Christus,
2067 1283 2097 1325 81
2115 1282 2226 1336 quod

270 1344 385 1386 Deus
416 1344 539 1385 illmn
573 1342 771 1385 excitavit
803 1357 854 1383 ex
875 1341 1066 1382 mortuis.
1101 1340 1254 1382 Confer
1272 1341 1400 1382 etiam
1428 1340 1579 1383 Vcclelii
1601 1342 1739 1384 Deam
1761 1354 2007 1396 syhayoyae.
2036 1340 2113 1382 IV.
2136 1341 2224 1396 obj.

272 1402 379 1445 Sunt
410 1403 484 1457 pii,
507 1403 637 1444 immo
671 1400 864 1456 piissimi,
884 1401 913 1442 81
931 1399 1202 1441 conformiter
1225 1414 1324 1441 suae
1343 1399 1595 1453 professioni
1612 1400 1680 1454 pie
1703 1399 1865 1441 vivunt.
1900 1400 2020 1454 Resp.
2038 1399 2071 1441 Ι.
2092 1400 2225 1456 Neya-

272 1476 368 1504 mus
401 1476 469 1503 eos
501 1462 569 1516 pie
601 1461 754 1502 vivere.
790 1459 872 1508 Qui
911 1473 1006 1500 vero
1037 1459 1129 1500 Deo
1152 1458 1355 1499 honorem
1378 1473 1499 1500 suum
1520 1459 1761 1509 detrahunt,
1780 1458 1859 1499 hoc
1877 1461 1953 1510 est,
1973 1459 2175 1500 deitatem
2197 1463 2225 1498 Sc

275 1521 461 1562 divinam
478 1520 760 1575 majestatem,
779 1532 954 1572 eamque
973 1520 1117 1572 aperte
1136 1519 1164 1560 81
1182 1518 1338 1558 directe
1355 1520 1528 1572 negant,
1547 1519 1810 1572 oppugnant,
1831 1517 2142 1571 blasphemant,
2161 1517 2226 1559 illi

273 1580 401 1634 impie
434 1579 594 1621 vivunt.
629 1577 710 1619 Sed
742 1576 954 1619 Sociniani
989 1591 1084 1617 vero
1118 1578 1147 1618 81
1184 1579 1355 1617 aeterno
1385 1575 1476 1617 Deo
1507 1576 1608 1627 filio,
1628 1577 1716 1618 scil.
1735 1577 1764 1618 81
1787 1575 1957 1630 spiritui
1974 1591 2020 1626 s.‚
2040 1576 2226 1618 divinam

274 1639 537 1693 majestatem
570 1636 798 1679 detrahunt
829 1636 895 1677 &c.
927 1635 1057 1690 Ergo.
1093 1636 1131 1676 2.
1153 1634 1343 1676 Assertio
1366 1634 1470 1676 haec
1493 1635 1542 1676 de
1560 1634 1881 1676 Socinianorum
1897 1635 2055 1689 pietate
2073 1636 2226 1677 nititur

274 1698 435 1739 duabus
451 1697 569 1738 falsis
586 1695 914 1751 hypothesibus,
934 1709 1113 1748 quarum
1133 1694 1261 1737 Prior
1283 1696 1346 1734 est
1364 1694 1529 1735 civilem
1546 1694 1813 1736 honestatem
1832 1708 1921 1735 esse
1940 1693 2224 1736 Christianam

273 1756 489 1811 pietatem.
523 1755 643 1805 Quod
660 1754 752 1796 vide
774 1753 1008 1795 refutatum
1042 1753 1093 1794 ab
1118 1753 1336 1794 autoribus
1354 1753 1564 1807 practicis,
1594 1753 1666 1807 qui
1678 1767 1825 1794 verum
1847 1752 2223 1806 christianismum,

273 1816 445 1870 ejusque
463 1814 774 1855 distinctionem
793 1814 816 1853 a
832 1812 932 1853 ficta
949 1814 978 1854 81
996 1811 1256 1866 hypocritica
1273 1811 1466 1863 μορφώσει
1483 1811 1655 1866 pietatis
1674 1811 1928 1853 describunt.
1947 1811 2100 1853 Confer
2115 1812 2223 1868 disp.

273 1877 461 1915 nostram
483 1874 532 1915 de
552 1873 822 1927 Simplicitate
843 1870 884 1913 ἃ
905 1871 1123 1927 hypocrisi.
1157 1871 1299 1912 Altera
1331 1873 1408 1922 est,
1447 1870 1677 1925 genuinam
1695 1870 1962 1924 spiritualem
1980 1870 2060 1912 Dei
2079 1871 2224 1926 cogni-

274 1933 431 1974 tionem
451 1933 622 1986 ejusque
640 1932 858 1981 sinceram,
877 1945 924 1971 ac
941 1932 1204 1971 constantem
1221 1929 1538 1984 professionem,
1556 1944 1638 1971 non
1658 1944 1747 1971 esse
1766 1931 1931 1983 partem
1943 1930 2223 1971 necessariam

274 1991 458 2046 pietatis,
478 1994 551 2032 3111
566 2005 743 2044 praxeos
766 1992 839 2030 aut
861 1989 1125 2030 obedientiae
1143 1988 1232 2029 Deo
1250 1989 1430 2039 debitae,
1449 1991 1524 2029 aut
1546 2003 1668 2030 verae
1686 1987 1916 2043 religionis.
1951 1987 2085 2043 Atqui
2101 2003 2224 2043 prae-

275 2050 429 2104 cipitur
460 2050 534 2091 illa
566 2050 702 2103 primo
740 2048 931 2103 decalogi
963 2050 1199 2102 praecepto,
1234 2062 1315 2088 non
1349 2047 1488 2088 minus
1521 2062 1568 2088 30
1586 2047 1751 2098 fiducia,
1770 2046 1917 2098 honor,
1934 2046 2075 2099 timor,
2093 2062 2223 2090 amor.

274 2108 406 2163 quue
443 2109 524 2163 ipsi
555 2107 903 2150 Remonstrantes
935 2109 1128 2148 statuunt
1164 2107 1207 2146 in
1234 2106 1496 2160 Coiifcssione
1527 2121 1616 2157 sua,
1649 2105 1723 2146 ubi
1746 2105 1930 2158 primum
1952 2109 2223 2160 praeceptum

276 2168 510 2222 explicant:
534 2166 727 2221 quamvis
744 2168 892 2220 postea
909 2166 953 2206 in
969 2165 1161 2207 catechesi
1177 2180 1252 2206 3113
1270 2173 1424 2220 quaest.
1460 2164 1528 2205 58.
1563 2164 1795 2205 omiserint.
1815 2165 1855 2205 3.
1889 2163 2004 2206 Idem
2024 2165 2073 2206 de
2091 2165 2224 2206 Paulo

275 2229 554 2280 persequente
571 2225 787 2267 Christum
805 2225 834 2266 81
853 2227 1028 2279 cogente
1044 2224 1236 2264 homines
1259 2224 1311 2264 ad
1328 2224 1416 2277 ejus
1437 2223 1742 2277 blasphemiam
1760 2237 1844 2263 non
1861 2223 2000 2264 minus
2018 2223 2223 2265 affirmari

277 2285 448 2326 deberet
466 2285 652 2339 Philipp.
669 2286 709 2325 3.
723 2285 762 2324 9.
778 2284 816 2325 6.
831 2282 899 2324 An
917 2297 1014 2324 eum
1031 2283 1249 2337 negabunt
1266 2296 1426 2323 errasse
1443 2281 1849 2323 fundamentaliter?
1867 2297 1920 2323 an
1937 2283 2084 2336 lupum
2101 2282 2222 2324 illum

278 2344 322 2384 in
340 2344 676 2385 communionem
695 2342 837 2384 ovium
855 2341 1013 2383 Christi
1030 2341 1315 2395 recipiendum
1334 2340 1503 2382 dicent?
1522 2340 1629 2381 Vide
1651 2342 1686 2381 l.
1713 2339 1890 2382 Timoth.
1912 2342 1946 2381 1.
1969 2342 2034 2382 13.
2056 2341 2122 2382 15.
2142 2343 2222 2384 Ac-

279 2410 355 2444 tor.
387 2403 456 2444 25.
490 2403 528 2443 9.
560 2403 694 2443 10.11
737 2401 777 2442 4.
800 2400 864 2441 De
897 2400 1109 2442 nonnullis
1142 2398 1467 2440 Mnhamedistis
1500 2400 1529 2441 81
1565 2398 1739 2441 Judaeis
1761 2414 1844 2440 non
1866 2399 2018 2440 minori
2030 2399 2125 2453 jure
2143 2400 2224 2441 dici

278 2464 419 2516 posset
436 2476 563 2515 quam
581 2461 630 2502 de
648 2459 896 2502 Socinianis.
929 2458 1049 2508 Quod
1073 2458 1140 2512 pie
1172 2457 1201 2498 81
1225 2459 1396 2499 honeste
1419 2458 1577 2499 vivant.
1614 2457 1746 2512 Atqui
1763 2472 1859 2499 cum
1876 2457 1961 2498 illis
1980 2457 2223 2500 fraternita-

278 2524 364 2561 tem
390 2534 473 2561 non
504 2520 645 2561 colunt
677 2518 1036 2560 Remonstrantes.
1074 2518 1111 2557 5.
1145 2516 1208 2557 De
1241 2517 1403 2557 Davide
1422 2515 1608 2572 Georgii,
1627 2517 1800 2571 ejusque
1818 2516 2095 2558 sectatoribus
2112 2516 2223 2559 idem

280 2578 361 2619 dici
382 2581 534 2632 posset.
568 2578 676 2620 Vide
709 2577 927 2619 historiam
960 2577 1048 2630 ejas
1076 2577 1100 2616 a
1122 2575 1428 2616 Basiliensibus
1447 2576 1508 2616 ed.
1527 2578 1627 2616 tom.
1649 2577 1687 2617 6.
1706 2574 1898 2628 Denique
1920 2575 2054 2616 multo
2076 2576 2225 2630 majori

275 2637 369 2691 jure
402 2637 481 2677 dici
514 2639 654 2690 posset
686 2636 849 2691 aliquos
867 2650 917 2676 ex
936 2634 1163 2689 Papalibus
1181 2633 1414 2687 Episcopis,
1434 2633 1675 2689 Theologis,
1694 2633 1924 2680 monachis,
1941 2632 1969 2674 J
1972 2633 2132 2685 esuitis,
2150 2633 2222 2675 In·-

281 2695 555 2748 quisitoribus
588 2695 743 2736 furiose
775 2694 1025 2748 religionem
1046 2695 1235 2733 nostram
1257 2694 1286 2734 &
1308 2692 1528 2733 ecclesiam
1546 2692 1895 2747 persequentibus
1917 2691 1986 2745 pie
2002 2692 2140 2734 vivere
2159 2707 2221 2734 se-

281 2754 458 2795 cundum
494 2753 809 2807 professionem,
842 2767 1025 2803 sensum,
1053 2753 1082 2793 81
1099 2751 1397 2792 conscientiam
1421 2766 1552 2792 suam.
1577 2750 1668 2794 Nec
1684 2751 1849 2792 obstare
1869 2750 2005 2791 zelum
2025 2765 2222 2804 persecu-

281 2811 420 2861 tionis,
454 2826 548 2853 cum
571 2812 797 2853 secundnm
815 2813 1023 2852 errantem
1043 2824 1162 2852 suam
1180 2810 1479 2851 conscientiam
1502 2825 1598 2851 eum
1614 2825 1696 2851 non
1718 2809 1938 2850 minimam
1954 2823 2076 2851 verae
2093 2810 2224 2864 pieta-

2117 2868 2173 2911 tis
2194 2869 2224 2913 81
