2399 3084
267 112 408 154 DisP.
440 109 538 152 VII.
570 109 1015 152 PROBLEMATUM
1046 122 1110 149 DE
1142 107 1373 149 Mssmro
1407 106 1941 150 Cnn1s‘r1PAnsIII.
2004 107 2085 148 201

155 234 328 289 allegat,
346 232 388 273 id
405 232 526 286 lapsu
549 232 790 282 memoriae,
807 234 881 273 aut
902 231 1155 279 παρορὰματι
1172 230 1409 284 scriptionis
1423 230 1582 272 factum
1600 230 1804 271 arbitror:
1824 243 1921 270 nam
1944 228 1987 268 in
2005 229 2087 270 loco

152 293 259 335 citat.
291 291 515 346 Auqustini
545 305 597 332 ne
627 295 704 339 γρῦ
744 290 912 344 quidem
944 291 1176 343 comparet3
1204 303 1280 330 uec
1310 289 1399 343 ipse
1421 290 1592 332 Danaus
1614 290 1659 330 in
1676 287 1980 330 commentariis
1997 287 2086 328 suis

152 350 248 393 ibid.
266 350 376 391 hanc
397 349 636 404 opinionem
654 349 816 390 asserit.
836 348 877 391 4,
900 350 1032 391 Conci.
1053 348 1246 389 Christus
1269 363 1352 389 non
1389 348 1543 389 meruit
1570 347 1752 401 gratiam
1770 346 1884 387 illam
1905 345 2085 387 reconci-

154 408 353 459 liationis,
370 423 446 462 per
462 422 588 462 quam
606 407 870 461 aliquomodo
887 407 1044 462 Angeli
1061 406 1253 448 dicantur
1270 405 1359 447 Deo
1377 406 1635 447 reconciliati
1657 420 1760 455 esse,
1779 419 1862 445 non
1878 404 1920 444 in
1940 419 1996 453 se,
2015 403 2088 444 sed

156 467 200 508 in
217 469 306 508 toto
323 481 516 520 corpore:
540 466 650 520 quod
667 469 790 507 antea
806 466 850 507 in
867 468 956 507 toto
974 479 1145 519 corpore
1162 464 1374 506 Ecclesiae
1392 479 1475 505 una
1489 479 1582 505 cum
1593 464 1837 505 hominibus
1853 465 1950 503 ante
1970 461 2087 503 Chri-

154 526 210 567 sti
231 525 612 567 reconciliationem
623 524 713 566 Deo
728 525 856 578 capiti
872 539 955 566 non
971 524 1032 565 ita
1048 525 1160 564 arcte
1177 524 1207 566 &
1225 523 1402 565 firmiter
1419 523 1698 573 adhaeserint,
1716 536 1791 563 nec
1812 536 1907 562 cum
1925 535 1973 562 eo
1990 534 2088 561 con-

149 584 286 639 juncti
302 583 484 625 fuerint:
518 584 684 624 nullum
702 583 813 624 enim
824 583 909 624 tale
921 582 1133 632 meritum,
1146 582 1264 623 nulla
1275 582 1373 624 talis
1391 582 1530 634 gratia
1542 596 1616 635 per
1630 580 1906 622 Mediatorem
1920 579 2087 629 collata,

151 643 269 684 nulla
287 642 440 684 arctior
457 644 486 685 &
502 642 664 683 firmior
675 642 872 683 adhaesio
888 644 983 695 post
994 640 1377 682 reconciliationem
1391 639 1548 682 Christi
1558 640 1803 694 praestitam
1815 638 1859 679 in
1871 637 2090 692 Scriptura

154 703 380 755 comparet.
413 701 662 755 Explicatur
677 700 752 741 illa
768 700 937 754 quidem
954 699 1173 754 perspicue
1191 701 1215 740 a
1232 700 1390 742 Rolloco
1407 699 1453 740 in
1473 700 1621 741 Coloss.
1638 699 1676 740 1.
1699 698 1770 740 sed
1792 712 1842 738 ex
1873 695 2090 750 Scriptura

155 774 238 801 non
256 760 472 814 probatur.
505 759 544 801 5.
566 760 698 802 Concl.
717 758 909 800 Christus
928 758 1137 800 Mediator
1157 773 1242 799 non
1264 758 1439 799 meritus
1463 760 1526 799 est
1546 757 1725 811 Angelis
1757 756 1994 809 aliquarum
2025 769 2091 795 re-

154 833 246 860 rum
264 833 338 860 seu
368 818 664 873 mysteriorum
694 818 1017 866 revelationem
1034 820 1082 858 ut
1099 817 1189 859 vult
1212 817 1400 859 Becmzus
1417 824 1524 871 parc.
1546 817 1583 857 1.
1608 815 1739 858 Theoi.
1758 815 1955 857 Sclzolast.
1973 820 2087 856 eracl.

156 877 195 918 1.
212 891 300 932 cap.
326 877 393 918 14.
410 885 564 932 quaest.
582 877 621 917 9.
644 876 868 931 Nusquam
884 877 969 917 tale
988 876 1087 930 quid
1104 876 1147 917 in
1166 875 1384 930 Scriptura
1406 877 1631 929 comparet.
1665 874 1784 923 Quod
1815 875 1838 914 a
1856 873 2015 915 Becano
2039 886 2090 913 ex

153 936 257 978 lesa.
282 935 350 976 63.
382 949 419 977 v.
456 936 493 977 1.
525 937 821 990 argumentum
853 935 1084 985 adducitur,
1115 934 1225 975 inter
1246 934 1421 976 ridicula
1442 935 1714 989 nugamenta,
1737 947 1818 973 non
1836 931 1947 972 inter
1964 944 2090 984 argu-

154 996 297 1036 menta
318 995 622 1035 numerandum
645 996 730 1035 est:
762 1008 845 1035 non
867 993 979 1035 enim
1010 992 1070 1034 ibi
1092 993 1235 1047 agitur
1251 993 1300 1034 de
1318 992 1514 1048 Angelis3
1535 991 1726 1047 quamvis
1742 991 1821 1032 hoc
1842 991 1963 1044 putet
1992 989 2091 1030 Tho-

155 1067 245 1095 mas
262 1053 307 1095 in
326 1053 363 1094 1.
380 1060 535 1108 quaest.
560 1053 628 1094 57.
646 1053 762 1094 artic.
779 1052 820 1093 4.
839 1051 1033 1093 Alterum
1051 1051 1161 1106 quod
1177 1051 1229 1092 ab
1249 1051 1392 1092 eodem
1409 1051 1597 1092 adfertur
1614 1065 1664 1092 ex
1680 1049 1828 1105 Eplies.
1848 1049 1887 1089 3.
1907 1049 1945 1089 8.
1968 1046 2091 1088 Nihil

158 1111 273 1153 aliud
302 1110 432 1152 infert
465 1112 548 1167 (vel
580 1111 672 1165 ipso
703 1110 859 1152 ibidem
886 1110 1042 1164 judice)
1077 1124 1203 1164 quam
1224 1112 1498 1164 augmentum
1517 1109 1714 1151 scientiae
1732 1107 1994 1162 Angelorum
2016 1119 2091 1159 per

156 1170 507 1224 praedicationem
538 1168 838 1224 Apostolicam.
872 1168 1006 1223 Atqui
1036 1168 1106 1210 hic
1127 1167 1316 1222 quaestio
1339 1170 1414 1219 est,
1443 1183 1496 1209 an
1518 1167 1677 1222 aliquid
1696 1166 1894 1208 scientiae
1917 1178 2088 1218 accepe-

156 1228 241 1269 rint
257 1243 333 1282 per
349 1228 378 1269 &
399 1230 569 1282 propter
585 1228 784 1269 meritum
803 1227 984 1277 Christi3
1022 1241 1105 1268 non
1137 1241 1249 1278 vero,
1274 1241 1348 1280 per
1369 1227 1470 1280 quid
1491 1226 1740 1280 acceperint,
1765 1239 1817 1265 an
1835 1238 1910 1278 per
1927 1222 2093 1277 praedi-

158 1287 365 1328 cationem
397 1286 699 1340 Apostolorum
725 1301 867 1328 necne.
901 1285 978 1327 VI.
1011 1285 1153 1329 Probi.
1181 1284 1249 1326 An
1287 1285 1479 1327 Christus
1506 1285 1681 1326 meritus
1699 1284 1753 1325 sit
1771 1281 1971 1324 creaturis
1987 1280 2090 1321 irra-

156 1345 399 1387 tionalibUS.
433 1346 549 1400 Resp.
582 1344 764 1387 Videtur
795 1360 845 1386 ex
882 1344 1066 1399 antiquis
1105 1344 1375 1386 Theodorelus
1415 1344 1612 1384 meritum
1646 1343 1675 1384 &
1711 1339 2091 1383 reconciliationem

157 1401 316 1445 Christi
341 1404 423 1446 huc
445 1418 576 1458 usque
609 1404 831 1445 extendere
861 1404 905 1444 in
921 1410 1186 1445 commentar.
1210 1403 1265 1444 ad
1281 1403 1429 1457 Ephes.
1451 1403 1488 1444 1.
1503 1402 1571 1442 10.
1589 1401 1710 1443 Hebr.
1730 1402 1768 1441 2.
1791 1403 1828 1440 9.
1847 1398 1928 1440 Sed
1945 1397 2093 1439 distin-

158 1462 323 1514 guenda
355 1464 419 1504 est
441 1477 535 1504 cum
556 1464 736 1505 Gomaro
752 1463 808 1504 ad
832 1463 980 1505 Coloss.
1002 1462 1038 1502 1.
1060 1462 1129 1504 20.
1145 1475 1240 1516 pay.
1264 1462 1362 1502 223.
1385 1461 1620 1515 pacificatio
1643 1462 1672 1502 &
1693 1457 1977 1501 reconciliatio
1999 1471 2093 1498 cum

157 1520 260 1570 Deo,
279 1521 308 1563 &
325 1521 522 1562 meritum
540 1520 699 1563 Christi
715 1521 795 1563 1100
812 1522 965 1563 directe
984 1520 1181 1570 efficiens,
1201 1520 1253 1561 ab
1273 1519 1430 1561 effectis
1449 1519 1567 1575 [pag.
1588 1518 1694 1573 265]
1713 1532 1785 1560 seu
1803 1514 2094 1569 consequenti-

159 1579 236 1621 bus
269 1579 532 1633 quibusdam,
565 1579 701 1634 qualis
725 1595 786 1621 ex.
806 1594 868 1635 gr.
893 1579 1087 1621 liberatio
1105 1581 1391 1620 creaturarum
1410 1580 1434 1619 a
1450 1578 1636 1620 vanitate
1654 1581 1681 1617 δι
1699 1576 1900 1618 servitute
1924 1588 2094 1627 corrup-

158 1637 307 1679 tionis:
342 1639 452 1691 quod
481 1638 534 1679 ad
570 1653 644 1680 nos
672 1639 775 1689 scil.,
794 1640 823 1681 81
841 1640 1047 1692 quatenus
1064 1637 1209 1679 usibus
1225 1637 1380 1678 nostris
1396 1636 1645 1678 inserviunt.
1678 1635 1768 1684 Quo
1785 1634 1895 1676 refer
1912 1634 2028 1675 Rom,
2053 1633 2092 1673 8.

157 1710 196 1737 v.
232 1696 297 1737 19.
332 1697 401 1738 22.
418 1698 582 1739 Hoseae.
607 1697 645 1738 2.
668 1711 705 1739 υ.
726 1697 792 1738 18.
813 1698 881 1738 20.
901 1697 971 1739 21.
991 1697 1059 1737 22.
1085 1697 1122 1737 1.
1145 1696 1330 1738 Corinth.
1354 1696 1392 1736 3.
1413 1695 1482 1737 21.
1504 1696 1572 1736 22.
1593 1695 1662 1735 23.
1695 1693 1776 1735 Sed
1795 1693 1887 1734 inde
1909 1706 1992 1732 non
2010 1705 2091 1744 po-

158 1756 242 1796 test
272 1754 420 1796 inferri
450 1755 665 1797 Christum
695 1757 908 1796 mortuum
929 1755 1059 1796 fuisse
1092 1756 1121 1797 &
1151 1755 1290 1808 legem
1311 1754 1550 1808 implevisse
1582 1768 1657 1807 pro
1681 1752 1873 1793 omnibus
1891 1748 2093 1791 creaturis

159 1812 338 1855 vanitati
370 1813 580 1867 subjectis,
612 1816 686 1854 aut
716 1813 801 1854 illis
819 1813 1111 1854 liberationem
1128 1813 1327 1853 meritum
1344 1827 1446 1861 esse,
1466 1812 1537 1853 sed
1553 1811 1693 1865 potius
1711 1809 1853 1851 electis
1870 1808 1970 1859 suis,
1990 1821 2093 1860 quo-

159 1886 253 1912 rum
279 1874 377 1913 sunt
397 1872 537 1913 onmia
558 1872 602 1913 in
619 1871 786 1913 Christo
803 1872 833 1913 Sc
850 1886 924 1925 per
942 1871 1157 1913 Christum
1178 1876 1214 1911 1.
1241 1871 1422 1913 Corinth.
1442 1871 1481 1911 3.
1501 1871 1569 1911 20.
1596 1870 1662 1911 11.
1690 1869 1792 1911 Tim.
1809 1868 1848 1908 4.
1867 1880 1969 1908 vers.
1994 1866 2032 1906 4.
2053 1865 2093 1906 5.

167 1930 240 1972 Tic.
276 1930 313 1971 1.
335 1929 401 1971 15.
423 1931 711 1972 Daverlamius
728 1931 774 1971 in
794 1937 1057 1972 commentar.
1080 1930 1136 1971 ad
1159 1930 1305 1972 Coloss.
1329 1930 1365 1971 1.
1384 1943 1486 1970 vers.
1506 1929 1575 1970 20.
1594 1927 1694 1969 dicit
1714 1925 1760 1964 τὲ
1791 1925 1933 1968 omnia
1950 1938 2093 1966 recon-

160 1988 302 2029 ciliata
323 2003 398 2042 per
429 1989 677 2043 sanguinem
708 1988 866 2030 Christi
883 1988 1014 2042 accipi
1035 2002 1156 2041 posse
1180 1988 1229 2028 de
1246 1987 1487 2028 hominibus
1502 1987 1683 2041 proprie,
1706 1985 1890 2027 tollendo
1907 1984 2095 2037 ipsorum

163 2049 333 2100 peccata
366 2046 518 2088 &iram
539 2046 641 2096 Dei3
665 2047 714 2088 de
738 2046 914 2102 Angelis
932 2047 1152 2101 analoyice,
1180 2046 1364 2087 tollendo
1381 2045 1707 2100 possibilitatem
1725 2043 1893 2085 labendi
1911 2044 1940 2085 &
1955 2042 2094 2082 incur-

160 2105 278 2146 rendi
294 2105 402 2146 iram
418 2105 602 2147 divinam
617 2120 625 2154 ;
644 2105 693 2147 de
709 2105 894 2147 universi
909 2105 989 2146 hac
1010 2105 1170 2146 fabrica
1182 2104 1495 2159 methaphorice,
1512 2103 1728 2145 liberando
1747 2105 1771 2144 a
1787 2101 1987 2143 servitute
2006 2114 2095 2141 cor-

161 2163 382 2217 ruptionis,
420 2165 449 2206 &
480 2164 738 2205 restituendo
768 2164 935 2205 nativae
968 2178 1067 2205 suae
1098 2163 1335 2216 integritati
1362 2165 1392 2206 81
1420 2162 1735 2217 pulchritudini.
1770 2159 1851 2202 Sed
1882 2160 1934 2201 ob
1958 2159 2095 2200 locum

168 2221 318 2265 Coloss.
353 2223 391 2263 1.
424 2222 492 2263 20.
526 2236 608 2263 non
637 2224 699 2263 est
721 2223 830 2276 quod
855 2222 1142 2263 distinctiones
1159 2222 1265 2263 tales
1293 2222 1561 2263 advocemus:
1586 2220 1765 2274 simplex
1789 2219 1900 2260 enim
1918 2219 1947 2260 81
1968 2217 2097 2271 plana

163 2280 250 2333 ejus
282 2280 574 2334 interpretatio
605 2295 731 2335 quam
760 2281 920 2322 habent
938 2281 1140 2331 Piscator,
1162 2281 1369 2323 Gomarus
1387 2279 1458 2322 ἃὉ.
1482 2280 1531 2320 de
1549 2279 1692 2320 electis
1709 2277 1923 2319 Ecclesiae
1945 2275 2096 2316 trium-

162 2338 333 2393 phantis
351 2340 380 2381 &
399 2339 623 2380 militantis
641 2339 854 2389 membris,
873 2339 1093 2394 analogiae
1110 2340 1327 2380 contextus
1350 2340 1380 2382 St
1396 2338 1526 2379 totius
1548 2336 1789 2390 Scripturae
1815 2335 1972 2388 optime
1991 2347 2095 2374 con—

160 2397 289 2438 venit.
308 2396 479 2438 Adhaec
497 2397 635 2438 meriti
651 2412 726 2450 pro
743 2397 863 2439 nobis
879 2397 939 2452 (id
950 2400 1013 2439 est
1029 2398 1118 2438 1000
1134 2399 1289 2447 nostro,
1304 2399 1328 2438 a
1344 2395 1551 2451 Sponsore
1564 2410 1611 2436 ac
1622 2394 1854 2436 Mediator-e
1871 2390 2095 2447 praestiti,)

162 2469 418 2508 consequens
430 2470 528 2497 usus
541 2456 570 2498 &
582 2456 751 2497 effectus
767 2456 818 2496 ad
830 2455 934 2497 alias
943 2457 1154 2497 creaturas
1168 2455 1335 2496 extendi
1349 2457 1500 2508 potest,
1518 2469 1592 2507 per
1603 2452 1870 2494 reflexionem
1888 2449 2096 2504 quandam

163 2514 236 2555 sed
250 2515 416 2555 tantum
432 2513 477 2556 in
493 2513 636 2555 ordine
653 2513 704 2554 ad
722 2514 874 2555 electos
891 2514 1098 2555 redemtos
1110 2529 1122 2554 .·
1134 2513 1194 2554 ita
1206 2515 1253 2554 ut
1265 2512 1456 2554 Christus
1474 2527 1548 2565 pro
1561 2511 1655 2552 aliis
1674 2509 1876 2552 creaturis
1892 2510 2096 2558 mortuus,

164 2574 237 2613 aut
248 2571 300 2613 iis
313 2571 413 2625 quid
430 2572 604 2613 meritus
618 2571 697 2612 dici
711 2586 794 2613 non
809 2572 955 2626 possit,
969 2572 1068 2626 quia
1084 2586 1228 2613 earum
1239 2570 1435 2624 Sponsor,
1454 2569 1674 2620 Mediator,
1689 2568 1914 2610 Redemtor
1925 2581 2008 2608 non
2020 2567 2096 2615 est,

163 2644 240 2671 nec
260 2630 311 2671 iis
331 2632 355 2671 a
375 2629 465 2672 Deo
483 2630 604 2672 datus
622 2632 698 2681 est,
717 2645 793 2672 nec
810 2630 995 2672 vicissim
1012 2630 1111 2671 illae
1128 2630 1209 2683 ipsi
1228 2631 1252 2670 a
1267 2629 1357 2670 Deo
1375 2629 1496 2670 datae
1513 2628 1611 2671 sint,
1624 2642 1698 2681 pro
1711 2627 1863 2681 quibus
1881 2640 1924 2667 se
1942 2624 2096 2666 sancti-

164 2688 320 2729 ficaret.
337 2687 398 2730 Ut
413 2689 540 2730 verbo
553 2689 780 2739 absolvam,
799 2691 896 2730 sunt
913 2691 1127 2730 creaturae
1138 2688 1237 2728 illae
1249 2687 1408 2728 occasio
1420 2688 1449 2729 81
1466 2686 1642 2727 materia
1659 2685 1703 2726 in
1720 2685 1872 2739 quibus
1891 2685 1921 2726 sc
1937 2684 1981 2724 in
1998 2696 2098 2736 qua-

164 2761 259 2788 rum
274 2761 353 2788 usu
371 2747 525 2789 exserit
541 2762 584 2788 se
601 2747 846 2801 temporalis
857 2746 978 2788 favor
993 2746 1074 2787 Dei
1087 2760 1188 2800 erga
1199 2745 1356 2795 fideles,
1369 2747 1571 2798 tanquam
1587 2758 1842 2797 consequens
1857 2744 1886 2785 81
1905 2742 2098 2783 effectum

166 2804 457 2847 secundarium
478 2805 619 2847 meriti
637 2805 816 2848 Christi:
846 2805 917 2847 sed
938 2804 1112 2846 minime
1130 2806 1228 2845 sunt
1250 2803 1458 2858 objectum
1477 2803 1564 2845 cui:
1585 2803 1634 2844 de
1653 2816 1735 2856 quo
1754 2801 1822 2843 hic
1839 2799 2068 2855 quaeritur.

2053 2855 2097 2900 3.
