<?xml version="1.0" encoding="UTF-8"?>
<!DOCTYPE html PUBLIC "-//W3C//DTD XHTML 1.0 Transitional//EN"
    "http://www.w3.org/TR/xhtml1/DTD/xhtml1-transitional.dtd">
<html xmlns="http://www.w3.org/1999/xhtml" xml:lang="en" lang="en">
 <head>
  <title>
</title>
<meta http-equiv="Content-Type" content="text/html;charset=utf-8" />
  <meta name='ocr-system' content='tesseract 3.04.00' />
  <meta name='ocr-capabilities' content='ocr_page ocr_carea ocr_par ocr_line ocrx_word'/>
</head>
<body>
  <div class='ocr_page' id='page_1' title='image "./gysbertivoetiise00voet_0329.png"; bbox 0 0 2399 3084; ppageno 0'>
   <div class='ocr_carea' id='block_1_1' title="bbox 588 116 2092 162">
    <p class='ocr_par' dir='ltr' id='par_1_1' title="bbox 588 116 2092 162">
     <span class='ocr_line' id='line_1_1' title="bbox 588 116 2092 162; baseline -0.001 -1"><span class='ocrx_word' id='word_1_1' title='bbox 588 116 1658 162; x_wconf 58' lang='lat' dir='ltr'>Drsv.XLDESAnnmnomFmvm.</span> <span class='ocrx_word' id='word_1_2' title='bbox 2013 120 2092 159; x_wconf 77' lang='grc'>301</span> 
     </span>
    </p>
   </div>
   <div class='ocr_carea' id='block_1_2' title="bbox 141 239 2098 2930">
    <p class='ocr_par' dir='ltr' id='par_1_2' title="bbox 144 239 2098 592">
     <span class='ocr_line' id='line_1_2' title="bbox 152 239 2094 298; baseline -0.003 -12"><span class='ocrx_word' id='word_1_3' title='bbox 152 245 329 286; x_wconf 89' lang='lat' dir='ltr'>bathum</span> <span class='ocrx_word' id='word_1_4' title='bbox 358 244 519 284; x_wconf 73' lang='lat' dir='ltr'>exserte</span> <span class='ocrx_word' id='word_1_5' title='bbox 538 245 561 283; x_wconf 71' lang='grc' dir='ltr'>Ξι</span> <span class='ocrx_word' id='word_1_6' title='bbox 583 242 702 284; x_wconf 81' lang='lat' dir='ltr'>festis</span> <span class='ocrx_word' id='word_1_7' title='bbox 721 242 1009 298; x_wconf 83' lang='lat' dir='ltr'>distinguitur,</span> <span class='ocrx_word' id='word_1_8' title='bbox 1031 243 1116 283; x_wconf 68' lang='lat' dir='ltr'>Lau.</span> <span class='ocrx_word' id='word_1_9' title='bbox 1137 242 1204 282; x_wconf 76' lang='grc'>23.</span> <span class='ocrx_word' id='word_1_10' title='bbox 1225 241 1263 281; x_wconf 79' lang='lat'>4.</span> <span class='ocrx_word' id='word_1_11' title='bbox 1284 241 1352 282; x_wconf 80' lang='grc'>37.</span> <span class='ocrx_word' id='word_1_12' title='bbox 1372 241 1439 281; x_wconf 83' lang='grc'>38.</span> <span class='ocrx_word' id='word_1_13' title='bbox 1475 240 1549 281; x_wconf 88' lang='lat' dir='ltr'>IV.</span> <span class='ocrx_word' id='word_1_14' title='bbox 1584 239 1855 281; x_wconf 71' lang='lat' dir='ltr'>Strictissunc</span> <span class='ocrx_word' id='word_1_15' title='bbox 1879 242 1906 283; x_wconf 62' lang='grc' dir='ltr'>ἃ</span> <span class='ocrx_word' id='word_1_16' title='bbox 1926 242 2094 295; x_wconf 61' lang='lat' dir='ltr'>proprie</span> 
     </span>
     <span class='ocr_line' id='line_1_3' title="bbox 146 301 2098 355; baseline -0.002 -12"><span class='ocrx_word' id='word_1_17' title='bbox 146 303 256 345; x_wconf 87' lang='lat' dir='ltr'>festa</span> <span class='ocrx_word' id='word_1_18' title='bbox 286 304 373 351; x_wconf 79' lang='lat' dir='ltr'>illa,</span> <span class='ocrx_word' id='word_1_19' title='bbox 406 317 511 355; x_wconf 84' lang='lat' dir='ltr'>quac</span> <span class='ocrx_word' id='word_1_20' title='bbox 544 301 612 341; x_wconf 80' lang='lat' dir='ltr'>hic</span> <span class='ocrx_word' id='word_1_21' title='bbox 644 301 877 351; x_wconf 78' lang='lat' dir='ltr'>definimus,</span> <span class='ocrx_word' id='word_1_22' title='bbox 912 304 1008 341; x_wconf 82' lang='lat' dir='ltr'>sunt</span> <span class='ocrx_word' id='word_1_23' title='bbox 1042 301 1124 342; x_wconf 60' lang='lat' dir='ltr'>(lies</span> <span class='ocrx_word' id='word_1_24' title='bbox 1157 302 1340 341; x_wconf 70' lang='lat' dir='ltr'>solennes</span> <span class='ocrx_word' id='word_1_25' title='bbox 1359 308 1460 340; x_wconf 67' lang='lat' dir='ltr'>xlma</span> <span class='ocrx_word' id='word_1_26' title='bbox 1480 308 1658 354; x_wconf 67' lang='lat' dir='ltr'>[empore</span> <span class='ocrx_word' id='word_1_27' title='bbox 1679 308 1943 350; x_wconf 68' lang='lat' dir='ltr'>rewrrenles,</span> <span class='ocrx_word' id='word_1_28' title='bbox 1963 302 2049 342; x_wconf 74' lang='lat' dir='ltr'>call</span> <span class='ocrx_word' id='word_1_29' title='bbox 2057 301 2098 340; x_wconf 73' lang='grc' dir='ltr'>1ιὶ</span> 
     </span>
     <span class='ocr_line' id='line_1_4' title="bbox 146 359 2095 414; baseline -0.002 -11"><span class='ocrx_word' id='word_1_30' title='bbox 146 362 287 403; x_wconf 70' lang='grc' dir='ltr'><strong><em>(Ιὶνὶηο</em></strong></span> <span class='ocrx_word' id='word_1_31' title='bbox 318 376 367 403; x_wconf 64' lang='lat' dir='ltr'>eat</span> <span class='ocrx_word' id='word_1_32' title='bbox 393 361 580 402; x_wconf 70' lang='lat' dir='ltr'>instituto</span> <span class='ocrx_word' id='word_1_33' title='bbox 614 360 690 401; x_wconf 77' lang='lat' dir='ltr'>Dei</span> <span class='ocrx_word' id='word_1_34' title='bbox 721 361 955 409; x_wconf 69' lang='lat' dir='ltr'>con.s·‹..›‹·rati‚</span> <span class='ocrx_word' id='word_1_35' title='bbox 993 368 1033 401; x_wconf 81' lang='lat' dir='ltr'>u!</span> <span class='ocrx_word' id='word_1_36' title='bbox 1065 359 1257 414; x_wconf 61' lang='lat' dir='ltr'>mimula</span> <span class='ocrx_word' id='word_1_37' title='bbox 1280 372 1351 399; x_wconf 64' lang='lat' dir='ltr'>seu</span> <span class='ocrx_word' id='word_1_38' title='bbox 1368 359 1508 413; x_wconf 71' lang='lat' dir='ltr'>quiete.</span> <span class='ocrx_word' id='word_1_39' title='bbox 1531 359 1699 412; x_wconf 67' lang='lat' dir='ltr'>quadie,</span> <span class='ocrx_word' id='word_1_40' title='bbox 1718 360 2032 413; x_wconf 73' lang='lat' dir='ltr'>culmproprio,</span> <span class='ocrx_word' id='word_1_41' title='bbox 2056 360 2095 399; x_wconf 72' lang='lat'><em>‹‘·¹·</em></span> 
     </span>
     <span class='ocr_line' id='line_1_5' title="bbox 144 417 2096 475; baseline -0.001 -16"><span class='ocrx_word' id='word_1_42' title='bbox 144 420 529 461; x_wconf 67' lang='lat' dir='ltr'>eommemoratione</span> <span class='ocrx_word' id='word_1_43' title='bbox 560 419 781 472; x_wconf 60' lang='grc' dir='ltr'>ρι’(ηιῖὶανῖκ</span> <span class='ocrx_word' id='word_1_44' title='bbox 814 418 992 475; x_wconf 74' lang='lat' dir='ltr'>beneficii</span> <span class='ocrx_word' id='word_1_45' title='bbox 1023 418 1156 458; x_wconf 64' lang='lat' dir='ltr'>divim</span> <span class='ocrx_word' id='word_1_46' title='bbox 1187 431 1252 460; x_wconf 71' lang='lat' dir='ltr'>eos</span> <span class='ocrx_word' id='word_1_47' title='bbox 1285 417 1586 473; x_wconf 65' lang='lat' dir='ltr'>sam-lislearenl</span> <span class='ocrx_word' id='word_1_48' title='bbox 1620 418 1676 459; x_wconf 72' lang='lat' dir='ltr'>acl</span> <span class='ocrx_word' id='word_1_49' title='bbox 1698 418 2034 473; x_wconf 68' lang='lat' dir='ltr'>siqnisiealimwm</span> <span class='ocrx_word' id='word_1_50' title='bbox 2057 418 2096 458; x_wconf 68' lang='grc' dir='ltr'>ι’ί·</span> 
     </span>
     <span class='ocr_line' id='line_1_6' title="bbox 144 475 2092 536; baseline -0.003 -16"><span class='ocrx_word' id='word_1_51' title='bbox 144 479 540 536; x_wconf 71' lang='lat' dir='ltr'>pruefiymalioncm</span> <span class='ocrx_word' id='word_1_52' title='bbox 574 491 713 519; x_wconf 76' lang='lat' dir='ltr'>rerum</span> <span class='ocrx_word' id='word_1_53' title='bbox 746 477 1031 531; x_wconf 60' lang='lat' dir='ltr'>spu-icualumz</span> <span class='ocrx_word' id='word_1_54' title='bbox 1069 477 1111 516; x_wconf 41' lang='lat' dir='ltr'>in.</span> <span class='ocrx_word' id='word_1_55' title='bbox 1147 476 1317 516; x_wconf 63' lang='lat' dir='ltr'>Clu-islo.</span> <span class='ocrx_word' id='word_1_56' title='bbox 1352 475 1408 515; x_wconf 86' lang='lat' dir='ltr'>Et</span> <span class='ocrx_word' id='word_1_57' title='bbox 1440 475 1542 516; x_wconf 83' lang='lat' dir='ltr'>talia</span> <span class='ocrx_word' id='word_1_58' title='bbox 1576 475 1684 516; x_wconf 76' lang='lat' dir='ltr'>festa</span> <span class='ocrx_word' id='word_1_59' title='bbox 1708 476 1873 529; x_wconf 70' lang='lat' dir='ltr'>proprie</span> <span class='ocrx_word' id='word_1_60' title='bbox 1898 476 2092 517; x_wconf 73' lang='lat' dir='ltr'>dicuntur</span> 
     </span>
     <span class='ocr_line' id='line_1_7' title="bbox 147 533 1608 592; baseline -0.006 -10"><span class='ocrx_word' id='word_1_61' title='bbox 147 548 261 582; x_wconf 63' lang='lat'>1:³³1*-</span> <span class='ocrx_word' id='word_1_62' title='bbox 280 538 482 592; x_wconf 68' lang='lat' dir='ltr'>clzagyyim,</span> <span class='ocrx_word' id='word_1_63' title='bbox 502 536 589 577; x_wconf 87' lang='lat' dir='ltr'>dies</span> <span class='ocrx_word' id='word_1_64' title='bbox 608 536 808 584; x_wconf 83' lang='lat' dir='ltr'>laetitiae,</span> <span class='ocrx_word' id='word_1_65' title='bbox 828 551 900 576; x_wconf 85' lang='lat' dir='ltr'>seu</span> <span class='ocrx_word' id='word_1_66' title='bbox 920 535 1074 588; x_wconf 84' lang='lat' dir='ltr'>gaudia</span> <span class='ocrx_word' id='word_1_67' title='bbox 1094 533 1276 583; x_wconf 79' lang='lat' dir='ltr'>Domini,</span> <span class='ocrx_word' id='word_1_68' title='bbox 1298 534 1462 576; x_wconf 70' lang='lat' dir='ltr'>Nehcm.</span> <span class='ocrx_word' id='word_1_69' title='bbox 1483 534 1520 574; x_wconf 80' lang='lat'>8.</span> <span class='ocrx_word' id='word_1_70' title='bbox 1544 535 1608 573; x_wconf 84' lang='lat'>10.</span> 
     </span>
    </p>

    <p class='ocr_par' dir='ltr' id='par_1_3' title="bbox 141 592 2095 1995">
     <span class='ocr_line' id='line_1_8' title="bbox 203 592 2094 649; baseline -0.003 -11"><span class='ocrx_word' id='word_1_71' title='bbox 203 595 250 640; x_wconf 82' lang='lat'>4.</span> <span class='ocrx_word' id='word_1_72' title='bbox 284 596 351 637; x_wconf 85' lang='lat' dir='ltr'>Ad</span> <span class='ocrx_word' id='word_1_73' title='bbox 380 595 700 649; x_wconf 72' lang='lat' dir='ltr'>explicationem</span> <span class='ocrx_word' id='word_1_74' title='bbox 718 594 971 635; x_wconf 83' lang='lat' dir='ltr'>definitionis</span> <span class='ocrx_word' id='word_1_75' title='bbox 989 594 1092 634; x_wconf 87' lang='lat' dir='ltr'>haec</span> <span class='ocrx_word' id='word_1_76' title='bbox 1110 593 1306 633; x_wconf 88' lang='lat' dir='ltr'>notanda.</span> <span class='ocrx_word' id='word_1_77' title='bbox 1336 592 1367 633; x_wconf 86' lang='grc'>1.</span> <span class='ocrx_word' id='word_1_78' title='bbox 1394 592 1518 633; x_wconf 75' lang='lat' dir='ltr'>Festa</span> <span class='ocrx_word' id='word_1_79' title='bbox 1536 592 1616 632; x_wconf 86' lang='lat' dir='ltr'>dici</span> <span class='ocrx_word' id='word_1_80' title='bbox 1634 592 1720 633; x_wconf 89' lang='lat' dir='ltr'>dies</span> <span class='ocrx_word' id='word_1_81' title='bbox 1739 593 1954 642; x_wconf 87' lang='lat' dir='ltr'>solennes;</span> <span class='ocrx_word' id='word_1_82' title='bbox 1981 596 2025 633; x_wconf 90' lang='lat' dir='ltr'>ut</span> <span class='ocrx_word' id='word_1_83' title='bbox 2043 594 2094 633; x_wconf 87' lang='lat' dir='ltr'>ab</span> 
     </span>
     <span class='ocr_line' id='line_1_9' title="bbox 145 650 2095 707; baseline -0.003 -12"><span class='ocrx_word' id='word_1_84' title='bbox 145 655 239 695; x_wconf 89' lang='lat' dir='ltr'>aliis</span> <span class='ocrx_word' id='word_1_85' title='bbox 272 654 561 695; x_wconf 85' lang='lat' dir='ltr'>communibus</span> <span class='ocrx_word' id='word_1_86' title='bbox 595 652 829 706; x_wconf 81' lang='lat' dir='ltr'>&amp;profanis</span> <span class='ocrx_word' id='word_1_87' title='bbox 853 653 1177 707; x_wconf 64' lang='lat' dir='ltr'>distinguamus.</span> <span class='ocrx_word' id='word_1_88' title='bbox 1210 650 1265 692; x_wconf 92' lang='grc' dir='ltr'>Π.</span> <span class='ocrx_word' id='word_1_89' title='bbox 1299 650 1392 691; x_wconf 67' lang='lat' dir='ltr'>Diei</span> <span class='ocrx_word' id='word_1_90' title='bbox 1410 651 1508 701; x_wconf 68' lang='lat' dir='ltr'>dies,</span> <span class='ocrx_word' id='word_1_91' title='bbox 1532 653 1578 691; x_wconf 91' lang='lat' dir='ltr'>ut</span> <span class='ocrx_word' id='word_1_92' title='bbox 1597 653 1621 691; x_wconf 71' lang='lat' dir='ltr'>a</span> <span class='ocrx_word' id='word_1_93' title='bbox 1642 650 1851 701; x_wconf 75' lang='lat' dir='ltr'>-Jubilan,</span> <span class='ocrx_word' id='word_1_94' title='bbox 1871 653 1898 693; x_wconf 81' lang='lat'>&amp;</span> <span class='ocrx_word' id='word_1_95' title='bbox 1917 652 2095 705; x_wconf 71' lang='lat' dir='ltr'>septimo</span> 
     </span>
     <span class='ocr_line' id='line_1_10' title="bbox 146 710 2093 764; baseline -0.002 -11"><span class='ocrx_word' id='word_1_96' title='bbox 146 728 254 754; x_wconf 85' lang='lat' dir='ltr'>anno</span> <span class='ocrx_word' id='word_1_97' title='bbox 278 712 534 754; x_wconf 84' lang='lat' dir='ltr'>Sabbathico</span> <span class='ocrx_word' id='word_1_98' title='bbox 553 711 880 764; x_wconf 70' lang='lat' dir='ltr'>distinguantur.</span> <span class='ocrx_word' id='word_1_99' title='bbox 916 710 992 752; x_wconf 88' lang='grc' dir='ltr'>ΙΠ.</span> <span class='ocrx_word' id='word_1_100' title='bbox 1026 711 1137 752; x_wconf 68' lang='lat' dir='ltr'>Staio</span> <span class='ocrx_word' id='word_1_101' title='bbox 1157 718 1335 764; x_wconf 69' lang='lat' dir='ltr'>[empore</span> <span class='ocrx_word' id='word_1_102' title='bbox 1354 716 1618 760; x_wconf 46' lang='lat' dir='ltr'>irc-immeritos,</span> <span class='ocrx_word' id='word_1_103' title='bbox 1637 712 1684 749; x_wconf 89' lang='lat' dir='ltr'>ut</span> <span class='ocrx_word' id='word_1_104' title='bbox 1702 710 2052 750; x_wconf 72' lang='lat' dir='ltr'>extrasmlinarias</span> <span class='ocrx_word' id='word_1_105' title='bbox 2066 711 2093 750; x_wconf 60' lang='grc' dir='ltr'>ἃ</span> 
     </span>
     <span class='ocr_line' id='line_1_11' title="bbox 145 768 2094 818; baseline -0.002 -5"><span class='ocrx_word' id='word_1_106' title='bbox 145 772 375 813; x_wconf 77' lang='lat' dir='ltr'>incidentes</span> <span class='ocrx_word' id='word_1_107' title='bbox 393 770 665 811; x_wconf 79' lang='lat' dir='ltr'>solennitates</span> <span class='ocrx_word' id='word_1_108' title='bbox 684 770 967 810; x_wconf 71' lang='lat' dir='ltr'>excludamus.</span> <span class='ocrx_word' id='word_1_109' title='bbox 1002 769 1076 810; x_wconf 87' lang='lat' dir='ltr'>IV.</span> <span class='ocrx_word' id='word_1_110' title='bbox 1111 768 1300 810; x_wconf 77' lang='lat' dir='ltr'>Dicimus</span> <span class='ocrx_word' id='word_1_111' title='bbox 1318 769 1402 810; x_wconf 69' lang='lat' dir='ltr'>dies</span> <span class='ocrx_word' id='word_1_112' title='bbox 1420 782 1569 818; x_wconf 72' lang='lat' dir='ltr'>sacros,</span> <span class='ocrx_word' id='word_1_113' title='bbox 1589 783 1660 809; x_wconf 77' lang='lat' dir='ltr'>seu</span> <span class='ocrx_word' id='word_1_114' title='bbox 1684 769 1948 809; x_wconf 53' lang='lat' dir='ltr'>Commi-atos</span> <span class='ocrx_word' id='word_1_115' title='bbox 1965 769 2094 809; x_wconf 69' lang='lat' dir='ltr'>cultui</span> 
     </span>
     <span class='ocr_line' id='line_1_12' title="bbox 144 826 2091 883; baseline -0.002 -11"><span class='ocrx_word' id='word_1_116' title='bbox 144 831 299 881; x_wconf 70' lang='lat' dir='ltr'>divino,</span> <span class='ocrx_word' id='word_1_117' title='bbox 319 833 365 870; x_wconf 91' lang='lat' dir='ltr'>ut</span> <span class='ocrx_word' id='word_1_118' title='bbox 383 829 698 883; x_wconf 86' lang='lat' dir='ltr'>distinguantur</span> <span class='ocrx_word' id='word_1_119' title='bbox 717 830 741 868; x_wconf 73' lang='lat' dir='ltr'>a</span> <span class='ocrx_word' id='word_1_120' title='bbox 759 828 1082 869; x_wconf 75' lang='lat' dir='ltr'>solennitatibus</span> <span class='ocrx_word' id='word_1_121' title='bbox 1092 827 1275 881; x_wconf 83' lang='lat' dir='ltr'>politicis</span> <span class='ocrx_word' id='word_1_122' title='bbox 1290 842 1361 868; x_wconf 91' lang='lat' dir='ltr'>seu</span> <span class='ocrx_word' id='word_1_123' title='bbox 1386 826 1593 867; x_wconf 85' lang='lat' dir='ltr'>civilibus.</span> <span class='ocrx_word' id='word_1_124' title='bbox 1628 826 1680 867; x_wconf 89' lang='lat' dir='ltr'>V.</span> <span class='ocrx_word' id='word_1_125' title='bbox 1715 826 1933 877; x_wconf 82' lang='lat' dir='ltr'>Addimus,</span> <span class='ocrx_word' id='word_1_126' title='bbox 1958 842 2005 867; x_wconf 85' lang='lat' dir='ltr'>ex</span> <span class='ocrx_word' id='word_1_127' title='bbox 2026 828 2091 868; x_wconf 69' lang='lat' dir='ltr'>ilt-</span> 
     </span>
     <span class='ocr_line' id='line_1_13' title="bbox 144 885 2091 941; baseline -0.002 -13"><span class='ocrx_word' id='word_1_128' title='bbox 144 891 284 930; x_wconf 71' lang='lat' dir='ltr'>sticum</span> <span class='ocrx_word' id='word_1_129' title='bbox 312 889 466 938; x_wconf 49' lang='lat' dir='ltr'>(liv&#39;e&#39;uo,</span> <span class='ocrx_word' id='word_1_130' title='bbox 485 890 531 928; x_wconf 91' lang='lat' dir='ltr'>ut</span> <span class='ocrx_word' id='word_1_131' title='bbox 549 889 682 928; x_wconf 85' lang='lat' dir='ltr'>statas</span> <span class='ocrx_word' id='word_1_132' title='bbox 704 901 752 927; x_wconf 85' lang='lat' dir='ltr'>ac</span> <span class='ocrx_word' id='word_1_133' title='bbox 774 890 998 941; x_wconf 89' lang='lat' dir='ltr'>perpetuas</span> <span class='ocrx_word' id='word_1_134' title='bbox 1017 886 1289 927; x_wconf 81' lang='lat' dir='ltr'>solennitates</span> <span class='ocrx_word' id='word_1_135' title='bbox 1309 887 1333 926; x_wconf 81' lang='lat' dir='ltr'>a</span> <span class='ocrx_word' id='word_1_136' title='bbox 1356 885 1444 926; x_wconf 91' lang='lat' dir='ltr'>Deo</span> <span class='ocrx_word' id='word_1_137' title='bbox 1463 885 1658 938; x_wconf 89' lang='lat' dir='ltr'>primitus</span> <span class='ocrx_word' id='word_1_138' title='bbox 1677 900 1770 926; x_wconf 88' lang='lat' dir='ltr'>cum</span> <span class='ocrx_word' id='word_1_139' title='bbox 1793 886 1885 939; x_wconf 86' lang='lat' dir='ltr'>lege</span> <span class='ocrx_word' id='word_1_140' title='bbox 1909 900 2091 926; x_wconf 82' lang='lat' dir='ltr'>ceremo-</span> 
     </span>
     <span class='ocr_line' id='line_1_14' title="bbox 143 943 2091 999; baseline -0.002 -11"><span class='ocrx_word' id='word_1_141' title='bbox 143 947 247 988; x_wconf 88' lang='lat' dir='ltr'>niali</span> <span class='ocrx_word' id='word_1_142' title='bbox 278 947 495 988; x_wconf 89' lang='lat' dir='ltr'>institutas</span> <span class='ocrx_word' id='word_1_143' title='bbox 531 945 841 999; x_wconf 77' lang='lat' dir='ltr'>distinguamus</span> <span class='ocrx_word' id='word_1_144' title='bbox 875 948 898 986; x_wconf 76' lang='grc' dir='ltr'>Ξι</span> <span class='ocrx_word' id='word_1_145' title='bbox 931 945 1184 998; x_wconf 86' lang='lat' dir='ltr'>conceptivis</span> <span class='ocrx_word' id='word_1_146' title='bbox 1218 946 1284 999; x_wconf 29' lang='lat' dir='ltr'>(jut</span> <span class='ocrx_word' id='word_1_147' title='bbox 1306 944 1471 989; x_wconf 85' lang='lat' dir='ltr'>vocant)</span> <span class='ocrx_word' id='word_1_148' title='bbox 1491 958 1597 997; x_wconf 87' lang='lat' dir='ltr'>quae</span> <span class='ocrx_word' id='word_1_149' title='bbox 1615 946 1761 997; x_wconf 83' lang='lat' dir='ltr'>postea</span> <span class='ocrx_word' id='word_1_150' title='bbox 1779 944 1831 984; x_wconf 89' lang='lat' dir='ltr'>ab</span> <span class='ocrx_word' id='word_1_151' title='bbox 1850 943 2091 985; x_wconf 73' lang='lat' dir='ltr'>hominibus</span> 
     </span>
     <span class='ocr_line' id='line_1_15' title="bbox 144 1001 2088 1057; baseline -0.002 -11"><span class='ocrx_word' id='word_1_152' title='bbox 144 1006 404 1047; x_wconf 78' lang='lat' dir='ltr'>introductae</span> <span class='ocrx_word' id='word_1_153' title='bbox 432 1007 542 1055; x_wconf 90' lang='lat' dir='ltr'>sunt,</span> <span class='ocrx_word' id='word_1_154' title='bbox 576 1004 720 1057; x_wconf 87' lang='lat' dir='ltr'>quales</span> <span class='ocrx_word' id='word_1_155' title='bbox 753 1004 840 1044; x_wconf 89' lang='lat' dir='ltr'>dies</span> <span class='ocrx_word' id='word_1_156' title='bbox 875 1004 1040 1053; x_wconf 64' lang='lat' dir='ltr'>Parim,</span> <span class='ocrx_word' id='word_1_157' title='bbox 1075 1005 1103 1045; x_wconf 67' lang='lat' dir='ltr'>Sc</span> <span class='ocrx_word' id='word_1_158' title='bbox 1137 1002 1362 1052; x_wconf 79' lang='lat' dir='ltr'>Encaenia,</span> <span class='ocrx_word' id='word_1_159' title='bbox 1383 1003 1431 1043; x_wconf 88' lang='lat' dir='ltr'>de</span> <span class='ocrx_word' id='word_1_160' title='bbox 1455 1002 1606 1055; x_wconf 81' lang='lat' dir='ltr'>quibus</span> <span class='ocrx_word' id='word_1_161' title='bbox 1624 1002 1747 1043; x_wconf 81' lang='lat' dir='ltr'>infra.</span> <span class='ocrx_word' id='word_1_162' title='bbox 1783 1001 1856 1043; x_wconf 90' lang='lat' dir='ltr'>VI.</span> <span class='ocrx_word' id='word_1_163' title='bbox 1882 1003 2088 1043; x_wconf 73' lang='lat' dir='ltr'>Addimus</span> 
     </span>
     <span class='ocr_line' id='line_1_16' title="bbox 143 1060 2089 1115; baseline -0.003 -10"><span class='ocrx_word' id='word_1_164' title='bbox 143 1064 518 1105; x_wconf 81' lang='lat' dir='ltr'>sanctificatione-m</span> <span class='ocrx_word' id='word_1_165' title='bbox 551 1077 623 1103; x_wconf 91' lang='lat' dir='ltr'>seu</span> <span class='ocrx_word' id='word_1_166' title='bbox 657 1062 991 1103; x_wconf 87' lang='lat' dir='ltr'>observationem</span> <span class='ocrx_word' id='word_1_167' title='bbox 1025 1062 1113 1115; x_wconf 83' lang='lat' dir='ltr'>ejus</span> <span class='ocrx_word' id='word_1_168' title='bbox 1146 1061 1225 1102; x_wconf 90' lang='lat' dir='ltr'>diei</span> <span class='ocrx_word' id='word_1_169' title='bbox 1255 1061 1491 1102; x_wconf 84' lang='lat' dir='ltr'>constitisse</span> <span class='ocrx_word' id='word_1_170' title='bbox 1509 1060 1625 1101; x_wconf 87' lang='lat' dir='ltr'>feriis</span> <span class='ocrx_word' id='word_1_171' title='bbox 1656 1075 1727 1101; x_wconf 90' lang='lat' dir='ltr'>seu</span> <span class='ocrx_word' id='word_1_172' title='bbox 1745 1060 1899 1114; x_wconf 85' lang='lat' dir='ltr'>quiete,</span> <span class='ocrx_word' id='word_1_173' title='bbox 1923 1062 2089 1115; x_wconf 67' lang='lat' dir='ltr'>gaudio,</span> 
     </span>
     <span class='ocr_line' id='line_1_17' title="bbox 143 1119 2088 1175; baseline -0.002 -11"><span class='ocrx_word' id='word_1_174' title='bbox 143 1122 538 1164; x_wconf 83' lang='lat' dir='ltr'>commemoratione</span> <span class='ocrx_word' id='word_1_175' title='bbox 557 1121 778 1175; x_wconf 89' lang='lat' dir='ltr'>peculiaris</span> <span class='ocrx_word' id='word_1_176' title='bbox 793 1121 984 1162; x_wconf 85' lang='lat' dir='ltr'>beneficii</span> <span class='ocrx_word' id='word_1_177' title='bbox 1003 1123 1026 1161; x_wconf 74' lang='lat' dir='ltr'>a</span> <span class='ocrx_word' id='word_1_178' title='bbox 1043 1119 1133 1161; x_wconf 88' lang='lat' dir='ltr'>Deo</span> <span class='ocrx_word' id='word_1_179' title='bbox 1146 1119 1318 1173; x_wconf 80' lang='lat' dir='ltr'>accepti,</span> <span class='ocrx_word' id='word_1_180' title='bbox 1334 1121 1362 1161; x_wconf 81' lang='lat'>&amp;</span> <span class='ocrx_word' id='word_1_181' title='bbox 1375 1119 1577 1172; x_wconf 84' lang='lat' dir='ltr'>peculiari</span> <span class='ocrx_word' id='word_1_182' title='bbox 1590 1134 1660 1159; x_wconf 89' lang='lat' dir='ltr'>seu</span> <span class='ocrx_word' id='word_1_183' title='bbox 1676 1119 1946 1172; x_wconf 88' lang='lat' dir='ltr'>appropriato</span> <span class='ocrx_word' id='word_1_184' title='bbox 1959 1120 2088 1161; x_wconf 89' lang='lat' dir='ltr'>cultu.</span> 
     </span>
     <span class='ocr_line' id='line_1_18' title="bbox 149 1177 2088 1235; baseline -0.001 -15"><span class='ocrx_word' id='word_1_185' title='bbox 149 1187 184 1223; x_wconf 89' lang='lat'>1.</span> <span class='ocrx_word' id='word_1_186' title='bbox 205 1182 380 1223; x_wconf 74' lang='lat' dir='ltr'>Ferz&#39;alio</span> <span class='ocrx_word' id='word_1_187' title='bbox 399 1195 472 1221; x_wconf 82' lang='lat' dir='ltr'>seu</span> <span class='ocrx_word' id='word_1_188' title='bbox 493 1181 621 1235; x_wconf 74' lang='lat' dir='ltr'>quies,</span> <span class='ocrx_word' id='word_1_189' title='bbox 641 1179 824 1220; x_wconf 83' lang='lat' dir='ltr'>excludit</span> <span class='ocrx_word' id='word_1_190' title='bbox 845 1179 1098 1227; x_wconf 82' lang='lat' dir='ltr'>neomenias,</span> <span class='ocrx_word' id='word_1_191' title='bbox 1121 1193 1224 1232; x_wconf 88' lang='lat' dir='ltr'>quas</span> <span class='ocrx_word' id='word_1_192' title='bbox 1247 1177 1464 1231; x_wconf 80' lang='lat' dir='ltr'>Scriptura</span> <span class='ocrx_word' id='word_1_193' title='bbox 1485 1178 1632 1219; x_wconf 78' lang='lat' dir='ltr'>Coloss.</span> <span class='ocrx_word' id='word_1_194' title='bbox 1654 1179 1693 1219; x_wconf 85' lang='lat'>2.</span> <span class='ocrx_word' id='word_1_195' title='bbox 1714 1177 1779 1218; x_wconf 80' lang='lat'>16.</span> <span class='ocrx_word' id='word_1_196' title='bbox 1795 1192 1888 1218; x_wconf 87' lang='lat' dir='ltr'>cum</span> <span class='ocrx_word' id='word_1_197' title='bbox 1904 1179 2035 1220; x_wconf 75' lang='lat' dir='ltr'>Galat.</span> <span class='ocrx_word' id='word_1_198' title='bbox 2050 1180 2088 1219; x_wconf 70' lang='grc' dir='ltr'>ἴ).</span> 
     </span>
     <span class='ocr_line' id='line_1_19' title="bbox 144 1236 2088 1292; baseline -0.001 -13"><span class='ocrx_word' id='word_1_199' title='bbox 144 1240 184 1281; x_wconf 79' lang='lat'>4.</span> <span class='ocrx_word' id='word_1_200' title='bbox 206 1241 272 1282; x_wconf 88' lang='grc'>10.</span> <span class='ocrx_word' id='word_1_201' title='bbox 293 1240 405 1280; x_wconf 75' lang='lat' dir='ltr'>Ezra</span> <span class='ocrx_word' id='word_1_202' title='bbox 424 1240 462 1280; x_wconf 88' lang='lat'>3.</span> <span class='ocrx_word' id='word_1_203' title='bbox 482 1240 521 1280; x_wconf 82' lang='lat'>5.</span> <span class='ocrx_word' id='word_1_204' title='bbox 541 1241 565 1279; x_wconf 74' lang='lat' dir='ltr'>a</span> <span class='ocrx_word' id='word_1_205' title='bbox 582 1238 728 1279; x_wconf 89' lang='lat' dir='ltr'>diebus</span> <span class='ocrx_word' id='word_1_206' title='bbox 745 1237 865 1278; x_wconf 86' lang='lat' dir='ltr'>festis</span> <span class='ocrx_word' id='word_1_207' title='bbox 883 1237 1118 1292; x_wconf 82' lang='lat' dir='ltr'>distinguit.</span> <span class='ocrx_word' id='word_1_208' title='bbox 1153 1238 1191 1277; x_wconf 91' lang='grc'>2.</span> <span class='ocrx_word' id='word_1_209' title='bbox 1219 1236 1431 1279; x_wconf 70' lang='lat' dir='ltr'>Gaudium</span> <span class='ocrx_word' id='word_1_210' title='bbox 1453 1236 1635 1276; x_wconf 85' lang='lat' dir='ltr'>externis</span> <span class='ocrx_word' id='word_1_211' title='bbox 1653 1236 1780 1276; x_wconf 87' lang='lat' dir='ltr'>etiam</span> <span class='ocrx_word' id='word_1_212' title='bbox 1795 1236 1940 1290; x_wconf 77' lang='lat' dir='ltr'>signis,</span> <span class='ocrx_word' id='word_1_213' title='bbox 1959 1237 2088 1291; x_wconf 85' lang='lat' dir='ltr'>gesti—</span> 
     </span>
     <span class='ocr_line' id='line_1_20' title="bbox 144 1294 2087 1350; baseline 0 -12"><span class='ocrx_word' id='word_1_214' title='bbox 144 1298 235 1349; x_wconf 90' lang='lat' dir='ltr'>bus,</span> <span class='ocrx_word' id='word_1_215' title='bbox 270 1299 299 1340; x_wconf 57' lang='grc'>81</span> <span class='ocrx_word' id='word_1_216' title='bbox 332 1297 566 1338; x_wconf 86' lang='lat' dir='ltr'>actionibus</span> <span class='ocrx_word' id='word_1_217' title='bbox 600 1296 850 1344; x_wconf 87' lang='lat' dir='ltr'>exhibitum,</span> <span class='ocrx_word' id='word_1_218' title='bbox 870 1296 1053 1337; x_wconf 84' lang='lat' dir='ltr'>excludit</span> <span class='ocrx_word' id='word_1_219' title='bbox 1074 1295 1198 1336; x_wconf 88' lang='lat' dir='ltr'>Diem</span> <span class='ocrx_word' id='word_1_220' title='bbox 1223 1294 1471 1348; x_wconf 85' lang='lat' dir='ltr'>expiationis</span> <span class='ocrx_word' id='word_1_221' title='bbox 1491 1294 1581 1350; x_wconf 75' lang='lat' dir='ltr'>(qui</span> <span class='ocrx_word' id='word_1_222' title='bbox 1604 1297 1693 1335; x_wconf 84' lang='lat' dir='ltr'>erat</span> <span class='ocrx_word' id='word_1_223' title='bbox 1705 1294 1867 1348; x_wconf 82' lang='lat' dir='ltr'>jejunii,</span> <span class='ocrx_word' id='word_1_224' title='bbox 1892 1295 2041 1345; x_wconf 88' lang='lat' dir='ltr'>luctus,</span> <span class='ocrx_word' id='word_1_225' title='bbox 2060 1298 2087 1338; x_wconf 64' lang='grc' dir='ltr'>ἃ</span> 
     </span>
     <span class='ocr_line' id='line_1_21' title="bbox 143 1353 2085 1410; baseline -0.002 -13"><span class='ocrx_word' id='word_1_226' title='bbox 143 1356 466 1405; x_wconf 85' lang='lat' dir='ltr'>humiliationis,</span> <span class='ocrx_word' id='word_1_227' title='bbox 497 1355 656 1397; x_wconf 69' lang='lat' dir='ltr'>Levitic.</span> <span class='ocrx_word' id='word_1_228' title='bbox 691 1355 760 1395; x_wconf 88' lang='grc'>23.</span> <span class='ocrx_word' id='word_1_229' title='bbox 796 1355 884 1410; x_wconf 88' lang='grc'><strong>37.)</strong></span> <span class='ocrx_word' id='word_1_230' title='bbox 912 1355 1001 1408; x_wconf 83' lang='lat' dir='ltr'>jam</span> <span class='ocrx_word' id='word_1_231' title='bbox 1023 1357 1120 1395; x_wconf 77' lang='lat' dir='ltr'>vero</span> <span class='ocrx_word' id='word_1_232' title='bbox 1138 1353 1473 1394; x_wconf 88' lang='lat' dir='ltr'>observationem</span> <span class='ocrx_word' id='word_1_233' title='bbox 1491 1353 1695 1406; x_wconf 77' lang='lat' dir='ltr'>ejusmodi</span> <span class='ocrx_word' id='word_1_234' title='bbox 1712 1353 1976 1394; x_wconf 85' lang='lat' dir='ltr'>solennitatis</span> <span class='ocrx_word' id='word_1_235' title='bbox 1995 1369 2085 1394; x_wconf 83' lang='lat' dir='ltr'>cum</span> 
     </span>
     <span class='ocr_line' id='line_1_22' title="bbox 145 1411 2087 1467; baseline 0.001 -16"><span class='ocrx_word' id='word_1_236' title='bbox 145 1417 257 1457; x_wconf 66' lang='lat' dir='ltr'>Festo</span> <span class='ocrx_word' id='word_1_237' title='bbox 290 1415 355 1456; x_wconf 78' lang='lat' dir='ltr'>die</span> <span class='ocrx_word' id='word_1_238' title='bbox 377 1429 466 1456; x_wconf 71' lang='lat' dir='ltr'>esse</span> <span class='ocrx_word' id='word_1_239' title='bbox 483 1413 724 1462; x_wconf 67' lang='grc' dir='ltr'>ἁσυμπαΞ-ἧ,</span> <span class='ocrx_word' id='word_1_240' title='bbox 746 1428 821 1454; x_wconf 89' lang='lat' dir='ltr'>nec</span> <span class='ocrx_word' id='word_1_241' title='bbox 838 1413 985 1454; x_wconf 87' lang='lat' dir='ltr'>debere</span> <span class='ocrx_word' id='word_1_242' title='bbox 1004 1415 1077 1453; x_wconf 89' lang='lat' dir='ltr'>aut</span> <span class='ocrx_word' id='word_1_243' title='bbox 1093 1416 1136 1453; x_wconf 90' lang='grc'>111</span> <span class='ocrx_word' id='word_1_244' title='bbox 1154 1412 1406 1467; x_wconf 88' lang='lat' dir='ltr'>cognitione,</span> <span class='ocrx_word' id='word_1_245' title='bbox 1425 1414 1498 1452; x_wconf 87' lang='lat' dir='ltr'>aut</span> <span class='ocrx_word' id='word_1_246' title='bbox 1514 1412 1558 1452; x_wconf 90' lang='lat' dir='ltr'>in</span> <span class='ocrx_word' id='word_1_247' title='bbox 1575 1412 1695 1466; x_wconf 88' lang='lat' dir='ltr'>praxi</span> <span class='ocrx_word' id='word_1_248' title='bbox 1712 1411 1910 1453; x_wconf 85' lang='lat' dir='ltr'>confundi</span> <span class='ocrx_word' id='word_1_249' title='bbox 1922 1416 2087 1453; x_wconf 88' lang='lat' dir='ltr'>constat</span> 
     </span>
     <span class='ocr_line' id='line_1_23' title="bbox 143 1471 2087 1525; baseline -0.002 -10"><span class='ocrx_word' id='word_1_250' title='bbox 143 1489 193 1515; x_wconf 88' lang='lat' dir='ltr'>ex</span> <span class='ocrx_word' id='word_1_251' title='bbox 212 1474 376 1517; x_wconf 77' lang='lat' dir='ltr'>Nehem..</span> <span class='ocrx_word' id='word_1_252' title='bbox 397 1473 420 1513; x_wconf 83' lang='lat'>8</span> <span class='ocrx_word' id='word_1_253' title='bbox 442 1473 510 1514; x_wconf 92' lang='grc'>10.</span> <span class='ocrx_word' id='word_1_254' title='bbox 530 1473 595 1513; x_wconf 89' lang='grc'>12.</span> <span class='ocrx_word' id='word_1_255' title='bbox 616 1487 710 1513; x_wconf 89' lang='lat' dir='ltr'>cum</span> <span class='ocrx_word' id='word_1_256' title='bbox 728 1473 851 1513; x_wconf 76' lang='lat' dir='ltr'>Levic.</span> <span class='ocrx_word' id='word_1_257' title='bbox 872 1473 939 1513; x_wconf 94' lang='grc'>23.</span> <span class='ocrx_word' id='word_1_258' title='bbox 960 1472 1029 1512; x_wconf 87' lang='grc'>40.</span> <span class='ocrx_word' id='word_1_259' title='bbox 1050 1473 1168 1514; x_wconf 76' lang='lat' dir='ltr'>Deul.</span> <span class='ocrx_word' id='word_1_260' title='bbox 1193 1472 1257 1511; x_wconf 75' lang='lat'>16.</span> <span class='ocrx_word' id='word_1_261' title='bbox 1281 1471 1347 1512; x_wconf 84' lang='lat'>11.</span> <span class='ocrx_word' id='word_1_262' title='bbox 1369 1471 1435 1511; x_wconf 80' lang='lat'>14.</span> <span class='ocrx_word' id='word_1_263' title='bbox 1456 1472 1497 1512; x_wconf 89' lang='grc'>3.</span> <span class='ocrx_word' id='word_1_264' title='bbox 1514 1471 1854 1512; x_wconf 70' lang='lat' dir='ltr'>Commcmomlio</span> <span class='ocrx_word' id='word_1_265' title='bbox 1866 1472 2087 1525; x_wconf 57' lang='lat' dir='ltr'>peculiaris·</span> 
     </span>
     <span class='ocr_line' id='line_1_24' title="bbox 144 1529 2067 1589; baseline -0.001 -17"><span class='ocrx_word' id='word_1_266' title='bbox 144 1533 335 1589; x_wconf 73' lang='lat' dir='ltr'>beneficii,</span> <span class='ocrx_word' id='word_1_267' title='bbox 354 1531 557 1586; x_wconf 80' lang='lat' dir='ltr'>peculiari</span> <span class='ocrx_word' id='word_1_268' title='bbox 574 1531 735 1571; x_wconf 89' lang='lat' dir='ltr'>ratione</span> <span class='ocrx_word' id='word_1_269' title='bbox 753 1531 851 1572; x_wconf 89' lang='lat' dir='ltr'>huic</span> <span class='ocrx_word' id='word_1_270' title='bbox 869 1531 949 1572; x_wconf 87' lang='lat' dir='ltr'>dici</span> <span class='ocrx_word' id='word_1_271' title='bbox 968 1531 1097 1572; x_wconf 83' lang='lat' dir='ltr'>affixa</span> <span class='ocrx_word' id='word_1_272' title='bbox 1116 1534 1142 1569; x_wconf 58' lang='grc' dir='ltr'>ἃ,</span> <span class='ocrx_word' id='word_1_273' title='bbox 1160 1530 1248 1571; x_wconf 87' lang='lat' dir='ltr'>vice</span> <span class='ocrx_word' id='word_1_274' title='bbox 1266 1545 1399 1579; x_wconf 89' lang='lat' dir='ltr'>versa,</span> <span class='ocrx_word' id='word_1_275' title='bbox 1418 1530 1576 1571; x_wconf 74' lang='lat' dir='ltr'>cht‘cic.</span> <span class='ocrx_word' id='word_1_276' title='bbox 1596 1530 1663 1570; x_wconf 88' lang='grc'>23.</span> <span class='ocrx_word' id='word_1_277' title='bbox 1684 1529 1752 1570; x_wconf 80' lang='grc'>43.</span> <span class='ocrx_word' id='word_1_278' title='bbox 1772 1530 1937 1572; x_wconf 67' lang='lat' dir='ltr'>Denter.</span> <span class='ocrx_word' id='word_1_279' title='bbox 1960 1530 2025 1571; x_wconf 83' lang='grc'>16.</span> <span class='ocrx_word' id='word_1_280' title='bbox 2049 1532 2067 1571; x_wconf 93' lang='grc'>1</span> 
     </span>
     <span class='ocr_line' id='line_1_25' title="bbox 144 1588 2085 1642; baseline -0.001 -11"><span class='ocrx_word' id='word_1_281' title='bbox 144 1592 184 1633; x_wconf 91' lang='grc'>2.</span> <span class='ocrx_word' id='word_1_282' title='bbox 223 1592 262 1632; x_wconf 90' lang='grc'>3.</span> <span class='ocrx_word' id='word_1_283' title='bbox 299 1592 364 1631; x_wconf 88' lang='grc'>12.</span> <span class='ocrx_word' id='word_1_284' title='bbox 399 1590 582 1631; x_wconf 80' lang='lat' dir='ltr'>excludit</span> <span class='ocrx_word' id='word_1_285' title='bbox 599 1589 863 1630; x_wconf 81' lang='lat' dir='ltr'>Sabbathum</span> <span class='ocrx_word' id='word_1_286' title='bbox 880 1589 1197 1639; x_wconf 75' lang='lat' dir='ltr'>hebdomadale,</span> <span class='ocrx_word' id='word_1_287' title='bbox 1222 1603 1303 1642; x_wconf 86' lang='lat' dir='ltr'>quo</span> <span class='ocrx_word' id='word_1_288' title='bbox 1321 1588 1555 1642; x_wconf 71' lang='lat' dir='ltr'>promiscue</span> <span class='ocrx_word' id='word_1_289' title='bbox 1574 1588 1744 1642; x_wconf 85' lang='lat' dir='ltr'>quaevis</span> <span class='ocrx_word' id='word_1_290' title='bbox 1763 1603 1888 1642; x_wconf 87' lang='lat' dir='ltr'>opera</span> <span class='ocrx_word' id='word_1_291' title='bbox 1911 1589 1939 1630; x_wconf 81' lang='lat'>&amp;</span> <span class='ocrx_word' id='word_1_292' title='bbox 1959 1589 2085 1630; x_wconf 91' lang='lat' dir='ltr'>bene-</span> 
     </span>
     <span class='ocr_line' id='line_1_26' title="bbox 144 1647 2084 1704; baseline -0.001 -14"><span class='ocrx_word' id='word_1_293' title='bbox 144 1650 237 1690; x_wconf 86' lang='lat' dir='ltr'>ficia</span> <span class='ocrx_word' id='word_1_294' title='bbox 271 1649 412 1690; x_wconf 88' lang='lat' dir='ltr'>divina</span> <span class='ocrx_word' id='word_1_295' title='bbox 444 1651 563 1690; x_wconf 86' lang='lat' dir='ltr'>erant</span> <span class='ocrx_word' id='word_1_296' title='bbox 585 1648 847 1699; x_wconf 87' lang='lat' dir='ltr'>celebranda,</span> <span class='ocrx_word' id='word_1_297' title='bbox 868 1648 982 1704; x_wconf 63' lang='lat' dir='ltr'>Psal.</span> <span class='ocrx_word' id='word_1_298' title='bbox 1004 1648 1071 1688; x_wconf 78' lang='grc'>92.</span> <span class='ocrx_word' id='word_1_299' title='bbox 1095 1649 1131 1688; x_wconf 95' lang='grc'>1.</span> <span class='ocrx_word' id='word_1_300' title='bbox 1153 1649 1191 1688; x_wconf 87' lang='grc'>2.</span> <span class='ocrx_word' id='word_1_301' title='bbox 1212 1648 1250 1689; x_wconf 88' lang='grc'>3.</span> <span class='ocrx_word' id='word_1_302' title='bbox 1271 1652 1310 1688; x_wconf 85' lang='grc'>4.</span> <span class='ocrx_word' id='word_1_303' title='bbox 1330 1647 1358 1688; x_wconf 63' lang='lat' dir='ltr'>Sc</span> <span class='ocrx_word' id='word_1_304' title='bbox 1376 1647 1490 1688; x_wconf 86' lang='lat' dir='ltr'>Deus</span> <span class='ocrx_word' id='word_1_305' title='bbox 1508 1647 1654 1700; x_wconf 87' lang='lat' dir='ltr'>quovis</span> <span class='ocrx_word' id='word_1_306' title='bbox 1673 1661 1825 1701; x_wconf 88' lang='lat' dir='ltr'>genere</span> <span class='ocrx_word' id='word_1_307' title='bbox 1845 1649 1971 1700; x_wconf 85' lang='lat' dir='ltr'>atque</span> <span class='ocrx_word' id='word_1_308' title='bbox 1990 1651 2084 1689; x_wconf 88' lang='lat' dir='ltr'>actu</span> 
     </span>
     <span class='ocr_line' id='line_1_27' title="bbox 141 1704 2078 1759; baseline -0.001 -11"><span class='ocrx_word' id='word_1_309' title='bbox 141 1708 278 1749; x_wconf 85' lang='lat' dir='ltr'>cultus</span> <span class='ocrx_word' id='word_1_310' title='bbox 310 1707 396 1748; x_wconf 92' lang='lat' dir='ltr'>sive</span> <span class='ocrx_word' id='word_1_311' title='bbox 429 1706 744 1759; x_wconf 80' lang='lat' dir='ltr'>humiliationis,</span> <span class='ocrx_word' id='word_1_312' title='bbox 788 1707 874 1747; x_wconf 89' lang='lat' dir='ltr'>sive</span> <span class='ocrx_word' id='word_1_313' title='bbox 897 1707 1173 1748; x_wconf 88' lang='lat' dir='ltr'>eucharistias</span> <span class='ocrx_word' id='word_1_314' title='bbox 1192 1707 1220 1747; x_wconf 61' lang='lat' dir='ltr'>a</span> <span class='ocrx_word' id='word_1_315' title='bbox 1239 1705 1510 1746; x_wconf 84' lang='lat' dir='ltr'>exultationis</span> <span class='ocrx_word' id='word_1_316' title='bbox 1527 1706 1735 1746; x_wconf 87' lang='lat' dir='ltr'>colendus.</span> <span class='ocrx_word' id='word_1_317' title='bbox 1755 1704 1852 1747; x_wconf 88' lang='lat' dir='ltr'>VH.</span> <span class='ocrx_word' id='word_1_318' title='bbox 1886 1706 2078 1759; x_wconf 84' lang='lat' dir='ltr'>Denique</span> 
     </span>
     <span class='ocr_line' id='line_1_28' title="bbox 143 1763 2084 1822; baseline -0.001 -15"><span class='ocrx_word' id='word_1_319' title='bbox 143 1766 237 1807; x_wconf 79' lang='lat' dir='ltr'>finis</span> <span class='ocrx_word' id='word_1_320' title='bbox 254 1766 436 1820; x_wconf 90' lang='lat' dir='ltr'>ponitur,</span> <span class='ocrx_word' id='word_1_321' title='bbox 455 1765 699 1821; x_wconf 65' lang='grc' dir='ltr'>εἱςΙηὶῘῑοαιῖο</span> <span class='ocrx_word' id='word_1_322' title='bbox 720 1764 760 1806; x_wconf 63' lang='lat' dir='ltr'>ec</span> <span class='ocrx_word' id='word_1_323' title='bbox 775 1765 1072 1822; x_wconf 70' lang='lat' dir='ltr'>praefiymalio</span> <span class='ocrx_word' id='word_1_324' title='bbox 1090 1779 1232 1806; x_wconf 70' lang='lat' dir='ltr'>rerztm</span> <span class='ocrx_word' id='word_1_325' title='bbox 1250 1764 1538 1818; x_wconf 74' lang='lat' dir='ltr'>spire&#39;luallwn</span> <span class='ocrx_word' id='word_1_326' title='bbox 1558 1764 1677 1818; x_wconf 81' lang='lat' dir='ltr'>[pag.</span> <span class='ocrx_word' id='word_1_327' title='bbox 1700 1763 1833 1818; x_wconf 77' lang='lat'>1231]</span> <span class='ocrx_word' id='word_1_328' title='bbox 1852 1764 1897 1804; x_wconf 41' lang='lat' dir='ltr'>in.</span> <span class='ocrx_word' id='word_1_329' title='bbox 1914 1765 2084 1814; x_wconf 67' lang='lat' dir='ltr'>Christo,</span> 
     </span>
     <span class='ocr_line' id='line_1_29' title="bbox 144 1822 2086 1877; baseline -0.002 -11"><span class='ocrx_word' id='word_1_330' title='bbox 144 1824 303 1866; x_wconf 86' lang='lat' dir='ltr'>Coloss.</span> <span class='ocrx_word' id='word_1_331' title='bbox 342 1825 381 1865; x_wconf 86' lang='grc'>2.</span> <span class='ocrx_word' id='word_1_332' title='bbox 420 1824 485 1864; x_wconf 80' lang='grc'>17.</span> <span class='ocrx_word' id='word_1_333' title='bbox 519 1823 585 1864; x_wconf 84' lang='lat' dir='ltr'>[ta</span> <span class='ocrx_word' id='word_1_334' title='bbox 618 1823 895 1864; x_wconf 84' lang='lat' dir='ltr'>excluduntur</span> <span class='ocrx_word' id='word_1_335' title='bbox 933 1823 1072 1864; x_wconf 89' lang='lat' dir='ltr'>omnia</span> <span class='ocrx_word' id='word_1_336' title='bbox 1106 1826 1297 1877; x_wconf 86' lang='lat' dir='ltr'>tempora</span> <span class='ocrx_word' id='word_1_337' title='bbox 1315 1822 1426 1863; x_wconf 83' lang='lat' dir='ltr'>Novi</span> <span class='ocrx_word' id='word_1_338' title='bbox 1443 1822 1717 1870; x_wconf 86' lang='lat' dir='ltr'>Testamenti,</span> <span class='ocrx_word' id='word_1_339' title='bbox 1742 1837 1847 1875; x_wconf 82' lang='lat' dir='ltr'>quae</span> <span class='ocrx_word' id='word_1_340' title='bbox 1866 1837 1941 1863; x_wconf 88' lang='lat' dir='ltr'>nec</span> <span class='ocrx_word' id='word_1_341' title='bbox 1965 1823 2086 1877; x_wconf 88' lang='lat' dir='ltr'>signa</span> 
     </span>
     <span class='ocr_line' id='line_1_30' title="bbox 142 1879 2084 1938; baseline -0.001 -14"><span class='ocrx_word' id='word_1_342' title='bbox 142 1898 218 1924; x_wconf 88' lang='lat' dir='ltr'>nec</span> <span class='ocrx_word' id='word_1_343' title='bbox 234 1883 326 1938; x_wconf 84' lang='lat' dir='ltr'>typi</span> <span class='ocrx_word' id='word_1_344' title='bbox 344 1886 441 1923; x_wconf 90' lang='lat' dir='ltr'>sunt</span> <span class='ocrx_word' id='word_1_345' title='bbox 459 1884 483 1923; x_wconf 76' lang='lat' dir='ltr'>a</span> <span class='ocrx_word' id='word_1_346' title='bbox 513 1882 602 1922; x_wconf 89' lang='lat' dir='ltr'>Deo</span> <span class='ocrx_word' id='word_1_347' title='bbox 637 1882 688 1922; x_wconf 90' lang='lat' dir='ltr'>ad</span> <span class='ocrx_word' id='word_1_348' title='bbox 706 1882 866 1935; x_wconf 88' lang='lat' dir='ltr'>aliquid</span> <span class='ocrx_word' id='word_1_349' title='bbox 883 1882 1205 1936; x_wconf 87' lang='lat' dir='ltr'>significandum</span> <span class='ocrx_word' id='word_1_350' title='bbox 1223 1881 1433 1922; x_wconf 87' lang='lat' dir='ltr'>destinati.</span> <span class='ocrx_word' id='word_1_351' title='bbox 1468 1881 1535 1920; x_wconf 77' lang='lat' dir='ltr'>An</span> <span class='ocrx_word' id='word_1_352' title='bbox 1556 1881 1682 1921; x_wconf 89' lang='lat' dir='ltr'>etiam</span> <span class='ocrx_word' id='word_1_353' title='bbox 1702 1879 1970 1922; x_wconf 74' lang='lat' dir='ltr'>Sabbatluun</span> <span class='ocrx_word' id='word_1_354' title='bbox 1988 1885 2084 1922; x_wconf 79' lang='lat' dir='ltr'>ante</span> 
     </span>
     <span class='ocr_line' id='line_1_31' title="bbox 143 1939 1345 1995; baseline -0.002 -14"><span class='ocrx_word' id='word_1_355' title='bbox 143 1941 289 1982; x_wconf 90' lang='lat' dir='ltr'>Mosen</span> <span class='ocrx_word' id='word_1_356' title='bbox 307 1943 336 1984; x_wconf 80' lang='lat'>&amp;</span> <span class='ocrx_word' id='word_1_357' title='bbox 352 1944 446 1994; x_wconf 87' lang='lat' dir='ltr'>post</span> <span class='ocrx_word' id='word_1_358' title='bbox 462 1940 608 1981; x_wconf 86' lang='lat' dir='ltr'>Mosen</span> <span class='ocrx_word' id='word_1_359' title='bbox 627 1940 755 1981; x_wconf 88' lang='lat' dir='ltr'>fuerit</span> <span class='ocrx_word' id='word_1_360' title='bbox 771 1941 972 1995; x_wconf 79' lang='lat' dir='ltr'>typicum,</span> <span class='ocrx_word' id='word_1_361' title='bbox 990 1940 1102 1980; x_wconf 88' lang='lat' dir='ltr'>infra</span> <span class='ocrx_word' id='word_1_362' title='bbox 1123 1939 1345 1981; x_wconf 88' lang='lat' dir='ltr'>videbitur.</span> 
     </span>
    </p>

    <p class='ocr_par' dir='ltr' id='par_1_4' title="bbox 142 1997 2084 2869">
     <span class='ocr_line' id='line_1_32' title="bbox 203 1997 2083 2053; baseline -0.002 -10"><span class='ocrx_word' id='word_1_363' title='bbox 203 1999 248 2044; x_wconf 89' lang='grc'>5.</span> <span class='ocrx_word' id='word_1_364' title='bbox 282 1999 627 2041; x_wconf 87' lang='lat' dir='ltr'>Convenientiam</span> <span class='ocrx_word' id='word_1_365' title='bbox 647 2000 676 2041; x_wconf 78' lang='lat'>&amp;</span> <span class='ocrx_word' id='word_1_366' title='bbox 694 1999 1018 2053; x_wconf 85' lang='lat' dir='ltr'>discrepantiam</span> <span class='ocrx_word' id='word_1_367' title='bbox 1036 1999 1147 2039; x_wconf 88' lang='lat' dir='ltr'>inter</span> <span class='ocrx_word' id='word_1_368' title='bbox 1164 1998 1273 2039; x_wconf 88' lang='lat' dir='ltr'>festa</span> <span class='ocrx_word' id='word_1_369' title='bbox 1291 1997 1433 2038; x_wconf 73' lang='lat' dir='ltr'>stricte</span> <span class='ocrx_word' id='word_1_370' title='bbox 1451 1997 1510 2038; x_wconf 90' lang='lat' dir='ltr'>sic</span> <span class='ocrx_word' id='word_1_371' title='bbox 1528 1997 1637 2038; x_wconf 87' lang='lat' dir='ltr'>dicta</span> <span class='ocrx_word' id='word_1_372' title='bbox 1655 2012 1702 2038; x_wconf 86' lang='lat' dir='ltr'>ac-</span> <span class='ocrx_word' id='word_1_373' title='bbox 1722 1999 1744 2037; x_wconf 76' lang='grc' dir='ltr'>Ξ1</span> <span class='ocrx_word' id='word_1_374' title='bbox 1762 1997 1881 2038; x_wconf 91' lang='lat' dir='ltr'>nobis</span> <span class='ocrx_word' id='word_1_375' title='bbox 1900 1998 2083 2049; x_wconf 88' lang='lat' dir='ltr'>definita,</span> 
     </span>
     <span class='ocr_line' id='line_1_33' title="bbox 143 2055 2084 2111; baseline -0.001 -12"><span class='ocrx_word' id='word_1_376' title='bbox 143 2059 172 2100; x_wconf 71' lang='grc' dir='ltr'>δῦ</span> <span class='ocrx_word' id='word_1_377' title='bbox 194 2058 304 2099; x_wconf 88' lang='lat' dir='ltr'>inter</span> <span class='ocrx_word' id='word_1_378' title='bbox 323 2058 406 2099; x_wconf 86' lang='lat' dir='ltr'>alia</span> <span class='ocrx_word' id='word_1_379' title='bbox 422 2060 615 2111; x_wconf 86' lang='lat' dir='ltr'>tempora</span> <span class='ocrx_word' id='word_1_380' title='bbox 637 2057 826 2098; x_wconf 88' lang='lat' dir='ltr'>solennia</span> <span class='ocrx_word' id='word_1_381' title='bbox 848 2058 906 2098; x_wconf 89' lang='lat' dir='ltr'>sic</span> <span class='ocrx_word' id='word_1_382' title='bbox 928 2057 1113 2098; x_wconf 89' lang='lat' dir='ltr'>breviter</span> <span class='ocrx_word' id='word_1_383' title='bbox 1129 2057 1373 2097; x_wconf 87' lang='lat' dir='ltr'>indicamus.</span> <span class='ocrx_word' id='word_1_384' title='bbox 1392 2055 1424 2097; x_wconf 91' lang='lat' dir='ltr'>I.</span> <span class='ocrx_word' id='word_1_385' title='bbox 1442 2055 1543 2096; x_wconf 87' lang='lat' dir='ltr'>Dies</span> <span class='ocrx_word' id='word_1_386' title='bbox 1566 2055 1873 2097; x_wconf 84' lang='lat' dir='ltr'>humiliationis</span> <span class='ocrx_word' id='word_1_387' title='bbox 1896 2057 2084 2110; x_wconf 73' lang='lat' dir='ltr'>&amp;jejunii</span> 
     </span>
     <span class='ocr_line' id='line_1_34' title="bbox 144 2114 2084 2171; baseline -0.002 -13"><span class='ocrx_word' id='word_1_388' title='bbox 144 2117 297 2171; x_wconf 86' lang='lat' dir='ltr'>(qualis</span> <span class='ocrx_word' id='word_1_389' title='bbox 319 2119 454 2158; x_wconf 85' lang='lat' dir='ltr'>status</span> <span class='ocrx_word' id='word_1_390' title='bbox 472 2117 515 2157; x_wconf 91' lang='grc'>111</span> <span class='ocrx_word' id='word_1_391' title='bbox 534 2116 588 2157; x_wconf 90' lang='lat' dir='ltr'>V.</span> <span class='ocrx_word' id='word_1_392' title='bbox 604 2115 653 2158; x_wconf 89' lang='grc' dir='ltr'>Τ.</span> <span class='ocrx_word' id='word_1_393' title='bbox 666 2119 756 2157; x_wconf 91' lang='lat' dir='ltr'>erat</span> <span class='ocrx_word' id='word_1_394' title='bbox 769 2116 854 2157; x_wconf 89' lang='lat' dir='ltr'>dies</span> <span class='ocrx_word' id='word_1_395' title='bbox 878 2115 1163 2169; x_wconf 65' lang='lat' dir='ltr'>expiationis),</span> <span class='ocrx_word' id='word_1_396' title='bbox 1180 2115 1221 2155; x_wconf 90' lang='grc'>111</span> <span class='ocrx_word' id='word_1_397' title='bbox 1240 2130 1287 2156; x_wconf 88' lang='lat' dir='ltr'>eo</span> <span class='ocrx_word' id='word_1_398' title='bbox 1305 2114 1592 2156; x_wconf 87' lang='lat' dir='ltr'>conveniebat.</span> <span class='ocrx_word' id='word_1_399' title='bbox 1615 2115 1650 2155; x_wconf 91' lang='grc'>1.</span> <span class='ocrx_word' id='word_1_400' title='bbox 1669 2114 1787 2163; x_wconf 73' lang='lat' dir='ltr'>Quod</span> <span class='ocrx_word' id='word_1_401' title='bbox 1800 2114 1932 2155; x_wconf 89' lang='lat' dir='ltr'>cultui</span> <span class='ocrx_word' id='word_1_402' title='bbox 1945 2116 2084 2156; x_wconf 84' lang='lat' dir='ltr'>divino</span> 
     </span>
     <span class='ocr_line' id='line_1_35' title="bbox 146 2172 2084 2229; baseline -0.001 -13"><span class='ocrx_word' id='word_1_403' title='bbox 146 2175 415 2229; x_wconf 88' lang='lat' dir='ltr'>peculiariter</span> <span class='ocrx_word' id='word_1_404' title='bbox 433 2178 542 2216; x_wconf 88' lang='lat' dir='ltr'>esset</span> <span class='ocrx_word' id='word_1_405' title='bbox 559 2177 836 2215; x_wconf 87' lang='lat' dir='ltr'>consecratus.</span> <span class='ocrx_word' id='word_1_406' title='bbox 857 2176 895 2215; x_wconf 90' lang='grc'>2.</span> <span class='ocrx_word' id='word_1_407' title='bbox 920 2175 1038 2223; x_wconf 73' lang='lat' dir='ltr'>Quod</span> <span class='ocrx_word' id='word_1_408' title='bbox 1056 2174 1107 2215; x_wconf 90' lang='lat' dir='ltr'>ab</span> <span class='ocrx_word' id='word_1_409' title='bbox 1126 2174 1319 2214; x_wconf 86' lang='lat' dir='ltr'>omnibus</span> <span class='ocrx_word' id='word_1_410' title='bbox 1338 2173 1533 2226; x_wconf 88' lang='lat' dir='ltr'>operibus</span> <span class='ocrx_word' id='word_1_411' title='bbox 1553 2175 1661 2213; x_wconf 85' lang='lat' dir='ltr'>esset</span> <span class='ocrx_word' id='word_1_412' title='bbox 1683 2172 1931 2214; x_wconf 87' lang='lat' dir='ltr'>feriandum.</span> <span class='ocrx_word' id='word_1_413' title='bbox 1951 2173 2084 2215; x_wconf 70' lang='lat' dir='ltr'>Diffe-</span> 
     </span>
     <span class='ocr_line' id='line_1_36' title="bbox 142 2231 2082 2288; baseline 0.001 -14"><span class='ocrx_word' id='word_1_414' title='bbox 142 2233 277 2285; x_wconf 90' lang='lat' dir='ltr'>rebat,</span> <span class='ocrx_word' id='word_1_415' title='bbox 309 2233 420 2288; x_wconf 86' lang='lat' dir='ltr'>quod</span> <span class='ocrx_word' id='word_1_416' title='bbox 446 2233 605 2288; x_wconf 83' lang='lat' dir='ltr'>jejunio</span> <span class='ocrx_word' id='word_1_417' title='bbox 636 2233 665 2274; x_wconf 80' lang='lat'>&amp;</span> <span class='ocrx_word' id='word_1_418' title='bbox 696 2233 992 2274; x_wconf 88' lang='lat' dir='ltr'>humiliatione</span> <span class='ocrx_word' id='word_1_419' title='bbox 1024 2235 1133 2274; x_wconf 87' lang='lat' dir='ltr'>esset</span> <span class='ocrx_word' id='word_1_420' title='bbox 1155 2232 1472 2286; x_wconf 82' lang='lat' dir='ltr'>transigendus:</span> <span class='ocrx_word' id='word_1_421' title='bbox 1493 2233 1636 2272; x_wconf 89' lang='lat' dir='ltr'>contra</span> <span class='ocrx_word' id='word_1_422' title='bbox 1654 2231 1740 2272; x_wconf 88' lang='lat' dir='ltr'>dies</span> <span class='ocrx_word' id='word_1_423' title='bbox 1762 2231 1860 2272; x_wconf 72' lang='lat' dir='ltr'>festi</span> <span class='ocrx_word' id='word_1_424' title='bbox 1877 2232 2031 2286; x_wconf 88' lang='lat' dir='ltr'>gaudio</span> <span class='ocrx_word' id='word_1_425' title='bbox 2054 2235 2082 2275; x_wconf 63' lang='grc' dir='ltr'>ἃ</span> 
     </span>
     <span class='ocr_line' id='line_1_37' title="bbox 143 2290 2081 2346; baseline -0.001 -13"><span class='ocrx_word' id='word_1_426' title='bbox 143 2292 401 2333; x_wconf 87' lang='lat' dir='ltr'>exultatione</span> <span class='ocrx_word' id='word_1_427' title='bbox 420 2291 549 2333; x_wconf 87' lang='lat' dir='ltr'>etiam</span> <span class='ocrx_word' id='word_1_428' title='bbox 568 2294 754 2342; x_wconf 69' lang='lat' dir='ltr'>externa,</span> <span class='ocrx_word' id='word_1_429' title='bbox 774 2292 890 2346; x_wconf 88' lang='lat' dir='ltr'>cujus</span> <span class='ocrx_word' id='word_1_430' title='bbox 908 2307 1004 2345; x_wconf 88' lang='lat' dir='ltr'>pars</span> <span class='ocrx_word' id='word_1_431' title='bbox 1022 2294 1141 2332; x_wconf 89' lang='lat' dir='ltr'>erant</span> <span class='ocrx_word' id='word_1_432' title='bbox 1159 2290 1348 2332; x_wconf 87' lang='lat' dir='ltr'>convivia</span> <span class='ocrx_word' id='word_1_433' title='bbox 1366 2290 1395 2331; x_wconf 64' lang='lat' dir='ltr'>a</span> <span class='ocrx_word' id='word_1_434' title='bbox 1412 2290 1494 2330; x_wconf 89' lang='lat' dir='ltr'>cibi</span> <span class='ocrx_word' id='word_1_435' title='bbox 1512 2290 1724 2331; x_wconf 86' lang='lat' dir='ltr'>lautiores.</span> <span class='ocrx_word' id='word_1_436' title='bbox 1744 2290 1908 2331; x_wconf 74' lang='lat' dir='ltr'>Denter.</span> <span class='ocrx_word' id='word_1_437' title='bbox 1932 2292 1997 2331; x_wconf 82' lang='grc'>16.</span> <span class='ocrx_word' id='word_1_438' title='bbox 2017 2292 2081 2331; x_wconf 92' lang='grc'>11.</span> 
     </span>
     <span class='ocr_line' id='line_1_38' title="bbox 145 2348 2082 2402; baseline -0.002 -9"><span class='ocrx_word' id='word_1_439' title='bbox 145 2350 311 2393; x_wconf 64' lang='grc' dir='ltr'><strong>ΝεΙιθὶη.</strong></span> <span class='ocrx_word' id='word_1_440' title='bbox 332 2351 371 2391; x_wconf 84' lang='grc'>8.</span> <span class='ocrx_word' id='word_1_441' title='bbox 397 2350 437 2391; x_wconf 80' lang='grc'>9.</span> <span class='ocrx_word' id='word_1_442' title='bbox 459 2351 524 2392; x_wconf 90' lang='grc'>10.</span> <span class='ocrx_word' id='word_1_443' title='bbox 543 2349 598 2391; x_wconf 90' lang='grc' dir='ltr'>Π.</span> <span class='ocrx_word' id='word_1_444' title='bbox 617 2349 655 2391; x_wconf 91' lang='lat' dir='ltr'>N</span> <span class='ocrx_word' id='word_1_445' title='bbox 662 2350 874 2391; x_wconf 85' lang='lat' dir='ltr'>eomeniae</span> <span class='ocrx_word' id='word_1_446' title='bbox 892 2350 1209 2400; x_wconf 81' lang='lat' dir='ltr'>conveniebant,</span> <span class='ocrx_word' id='word_1_447' title='bbox 1231 2349 1267 2389; x_wconf 89' lang='lat'>1.</span> <span class='ocrx_word' id='word_1_448' title='bbox 1286 2349 1395 2402; x_wconf 86' lang='lat' dir='ltr'>quod</span> <span class='ocrx_word' id='word_1_449' title='bbox 1407 2348 1538 2389; x_wconf 91' lang='lat' dir='ltr'>cultui</span> <span class='ocrx_word' id='word_1_450' title='bbox 1553 2348 1692 2389; x_wconf 89' lang='lat' dir='ltr'>divino</span> <span class='ocrx_word' id='word_1_451' title='bbox 1703 2348 1973 2402; x_wconf 85' lang='lat' dir='ltr'>peculiariter</span> <span class='ocrx_word' id='word_1_452' title='bbox 1985 2364 2082 2390; x_wconf 89' lang='lat' dir='ltr'>con-</span> 
     </span>
     <span class='ocr_line' id='line_1_39' title="bbox 143 2407 2081 2462; baseline -0.001 -12"><span class='ocrx_word' id='word_1_453' title='bbox 143 2412 343 2450; x_wconf 88' lang='lat' dir='ltr'>secratae.</span> <span class='ocrx_word' id='word_1_454' title='bbox 385 2414 421 2449; x_wconf 76' lang='grc'>2.</span> <span class='ocrx_word' id='word_1_455' title='bbox 456 2408 574 2457; x_wconf 76' lang='lat' dir='ltr'>Quod</span> <span class='ocrx_word' id='word_1_456' title='bbox 607 2408 808 2462; x_wconf 89' lang='lat' dir='ltr'>peculiari</span> <span class='ocrx_word' id='word_1_457' title='bbox 837 2409 978 2462; x_wconf 73' lang='lat' dir='ltr'>aliqua</span> <span class='ocrx_word' id='word_1_458' title='bbox 1010 2407 1265 2449; x_wconf 72' lang='lat' dir='ltr'>eucharistia</span> <span class='ocrx_word' id='word_1_459' title='bbox 1297 2408 1325 2449; x_wconf 64' lang='lat' dir='ltr'>a</span> <span class='ocrx_word' id='word_1_460' title='bbox 1360 2407 1753 2448; x_wconf 86' lang='lat' dir='ltr'>conunemoratione</span> <span class='ocrx_word' id='word_1_461' title='bbox 1786 2407 2081 2449; x_wconf 85' lang='lat' dir='ltr'>beneficiorum</span> 
     </span>
     <span class='ocr_line' id='line_1_40' title="bbox 142 2465 2084 2519; baseline -0.001 -11"><span class='ocrx_word' id='word_1_462' title='bbox 142 2467 223 2508; x_wconf 88' lang='lat' dir='ltr'>Dei</span> <span class='ocrx_word' id='word_1_463' title='bbox 245 2469 383 2509; x_wconf 86' lang='lat' dir='ltr'>essent</span> <span class='ocrx_word' id='word_1_464' title='bbox 400 2467 734 2508; x_wconf 87' lang='lat' dir='ltr'>sanctificandae.</span> <span class='ocrx_word' id='word_1_465' title='bbox 755 2466 973 2515; x_wconf 74' lang='lat' dir='ltr'>Quodnam</span> <span class='ocrx_word' id='word_1_466' title='bbox 991 2469 1133 2508; x_wconf 83' lang='lat' dir='ltr'>autem</span> <span class='ocrx_word' id='word_1_467' title='bbox 1151 2481 1222 2507; x_wconf 88' lang='lat' dir='ltr'>seu</span> <span class='ocrx_word' id='word_1_468' title='bbox 1241 2480 1447 2519; x_wconf 88' lang='lat' dir='ltr'>quaenam</span> <span class='ocrx_word' id='word_1_469' title='bbox 1466 2465 1670 2506; x_wconf 87' lang='lat' dir='ltr'>beneficia</span> <span class='ocrx_word' id='word_1_470' title='bbox 1682 2465 1853 2516; x_wconf 86' lang='lat' dir='ltr'>fuerint,</span> <span class='ocrx_word' id='word_1_471' title='bbox 1866 2480 1946 2507; x_wconf 88' lang='lat' dir='ltr'>uon</span> <span class='ocrx_word' id='word_1_472' title='bbox 1961 2466 2021 2507; x_wconf 91' lang='lat' dir='ltr'>ita</span> <span class='ocrx_word' id='word_1_473' title='bbox 2034 2482 2084 2507; x_wconf 84' lang='lat' dir='ltr'>ex</span> 
     </span>
     <span class='ocr_line' id='line_1_41' title="bbox 143 2523 2081 2580; baseline 0 -14"><span class='ocrx_word' id='word_1_474' title='bbox 143 2524 371 2580; x_wconf 83' lang='lat' dir='ltr'>Scripturis</span> <span class='ocrx_word' id='word_1_475' title='bbox 403 2525 567 2566; x_wconf 90' lang='lat' dir='ltr'>definiri</span> <span class='ocrx_word' id='word_1_476' title='bbox 590 2527 740 2578; x_wconf 88' lang='lat' dir='ltr'>potest.</span> <span class='ocrx_word' id='word_1_477' title='bbox 769 2524 1032 2566; x_wconf 85' lang='lat' dir='ltr'>Differebant</span> <span class='ocrx_word' id='word_1_478' title='bbox 1060 2539 1169 2574; x_wconf 89' lang='lat' dir='ltr'>vero,</span> <span class='ocrx_word' id='word_1_479' title='bbox 1203 2524 1312 2577; x_wconf 86' lang='lat' dir='ltr'>quod</span> <span class='ocrx_word' id='word_1_480' title='bbox 1327 2524 1371 2564; x_wconf 91' lang='lat' dir='ltr'>in</span> <span class='ocrx_word' id='word_1_481' title='bbox 1387 2523 1506 2564; x_wconf 87' lang='lat' dir='ltr'>festis</span> <span class='ocrx_word' id='word_1_482' title='bbox 1524 2523 1814 2577; x_wconf 87' lang='lat' dir='ltr'>injungeretur</span> <span class='ocrx_word' id='word_1_483' title='bbox 1836 2525 2012 2565; x_wconf 86' lang='lat' dir='ltr'>cessatio</span> <span class='ocrx_word' id='word_1_484' title='bbox 2030 2526 2081 2566; x_wconf 89' lang='lat' dir='ltr'>ab</span> 
     </span>
     <span class='ocr_line' id='line_1_42' title="bbox 143 2581 2082 2638; baseline -0.001 -13"><span class='ocrx_word' id='word_1_485' title='bbox 143 2584 339 2638; x_wconf 87' lang='lat' dir='ltr'>operibus</span> <span class='ocrx_word' id='word_1_486' title='bbox 358 2585 386 2626; x_wconf 83' lang='lat'>&amp;</span> <span class='ocrx_word' id='word_1_487' title='bbox 404 2583 645 2625; x_wconf 87' lang='lat' dir='ltr'>convocatio</span> <span class='ocrx_word' id='word_1_488' title='bbox 662 2583 888 2634; x_wconf 88' lang='lat' dir='ltr'>Ecclesiae,</span> <span class='ocrx_word' id='word_1_489' title='bbox 907 2583 975 2624; x_wconf 92' lang='lat' dir='ltr'>hic</span> <span class='ocrx_word' id='word_1_490' title='bbox 993 2586 1089 2624; x_wconf 77' lang='lat' dir='ltr'>vero</span> <span class='ocrx_word' id='word_1_491' title='bbox 1106 2583 1294 2623; x_wconf 76' lang='lat' dir='ltr'>minime.</span> <span class='ocrx_word' id='word_1_492' title='bbox 1315 2581 1423 2623; x_wconf 88' lang='lat' dir='ltr'>Vide</span> <span class='ocrx_word' id='word_1_493' title='bbox 1440 2583 1610 2624; x_wconf 74' lang='lat' dir='ltr'>Numer.</span> <span class='ocrx_word' id='word_1_494' title='bbox 1631 2583 1697 2623; x_wconf 86' lang='lat'>10.</span> <span class='ocrx_word' id='word_1_495' title='bbox 1719 2583 1786 2623; x_wconf 89' lang='grc'>10.</span> <span class='ocrx_word' id='word_1_496' title='bbox 1806 2584 1834 2625; x_wconf 60' lang='grc' dir='ltr'>ἃ</span> <span class='ocrx_word' id='word_1_497' title='bbox 1848 2583 1915 2623; x_wconf 82' lang='grc'>28.</span> <span class='ocrx_word' id='word_1_498' title='bbox 1933 2584 1998 2624; x_wconf 89' lang='grc'>10.</span> <span class='ocrx_word' id='word_1_499' title='bbox 2016 2585 2082 2623; x_wconf 91' lang='grc'>11.</span> 
     </span>
     <span class='ocr_line' id='line_1_43' title="bbox 146 2639 2083 2688; baseline 0.001 -7"><span class='ocrx_word' id='word_1_500' title='bbox 146 2643 214 2684; x_wconf 87' lang='grc'>16.</span> <span class='ocrx_word' id='word_1_501' title='bbox 232 2641 297 2683; x_wconf 90' lang='lat' dir='ltr'>III</span> <span class='ocrx_word' id='word_1_502' title='bbox 313 2642 534 2683; x_wconf 82' lang='lat' dir='ltr'>Jubilaeus</span> <span class='ocrx_word' id='word_1_503' title='bbox 555 2642 585 2683; x_wconf 83' lang='lat'>&amp;</span> <span class='ocrx_word' id='word_1_504' title='bbox 604 2640 885 2683; x_wconf 83' lang='lat' dir='ltr'>Sabbathicus</span> <span class='ocrx_word' id='word_1_505' title='bbox 903 2656 1037 2682; x_wconf 89' lang='lat' dir='ltr'>annus</span> <span class='ocrx_word' id='word_1_506' title='bbox 1055 2644 1078 2682; x_wconf 78' lang='lat' dir='ltr'>a</span> <span class='ocrx_word' id='word_1_507' title='bbox 1096 2641 1215 2682; x_wconf 87' lang='lat' dir='ltr'>festis</span> <span class='ocrx_word' id='word_1_508' title='bbox 1238 2640 1504 2681; x_wconf 83' lang='lat' dir='ltr'>differebant.</span> <span class='ocrx_word' id='word_1_509' title='bbox 1543 2642 1578 2680; x_wconf 91' lang='lat'>1.</span> <span class='ocrx_word' id='word_1_510' title='bbox 1613 2639 1729 2688; x_wconf 83' lang='lat' dir='ltr'>Quod</span> <span class='ocrx_word' id='word_1_511' title='bbox 1747 2655 1829 2681; x_wconf 85' lang='grc'><strong>11011</strong></span> <span class='ocrx_word' id='word_1_512' title='bbox 1848 2642 2083 2683; x_wconf 81' lang='lat' dir='ltr'>sanctifica-</span> 
     </span>
     <span class='ocr_line' id='line_1_44' title="bbox 143 2698 2081 2755; baseline 0.001 -15"><span class='ocrx_word' id='word_1_513' title='bbox 143 2703 288 2742; x_wconf 89' lang='lat' dir='ltr'>rentur</span> <span class='ocrx_word' id='word_1_514' title='bbox 305 2700 509 2755; x_wconf 89' lang='lat' dir='ltr'>peculiari</span> <span class='ocrx_word' id='word_1_515' title='bbox 527 2700 655 2741; x_wconf 92' lang='lat' dir='ltr'>cultu.</span> <span class='ocrx_word' id='word_1_516' title='bbox 690 2701 729 2741; x_wconf 90' lang='grc'>2.</span> <span class='ocrx_word' id='word_1_517' title='bbox 762 2699 852 2741; x_wconf 80' lang='lat' dir='ltr'>Nec</span> <span class='ocrx_word' id='word_1_518' title='bbox 869 2700 1044 2741; x_wconf 87' lang='lat' dir='ltr'>cessatio</span> <span class='ocrx_word' id='word_1_519' title='bbox 1064 2702 1173 2741; x_wconf 89' lang='lat' dir='ltr'>esset</span> <span class='ocrx_word' id='word_1_520' title='bbox 1191 2699 1243 2739; x_wconf 89' lang='lat' dir='ltr'>ab</span> <span class='ocrx_word' id='word_1_521' title='bbox 1263 2698 1377 2739; x_wconf 88' lang='lat' dir='ltr'>omni</span> <span class='ocrx_word' id='word_1_522' title='bbox 1395 2712 1519 2752; x_wconf 88' lang='lat' dir='ltr'>opere</span> <span class='ocrx_word' id='word_1_523' title='bbox 1537 2698 1692 2739; x_wconf 87' lang='lat' dir='ltr'>servili.</span> <span class='ocrx_word' id='word_1_524' title='bbox 1725 2698 1800 2740; x_wconf 90' lang='lat' dir='ltr'>IV.</span> <span class='ocrx_word' id='word_1_525' title='bbox 1819 2698 2081 2742; x_wconf 81' lang='lat' dir='ltr'>Sabbathum</span> 
     </span>
     <span class='ocr_line' id='line_1_45' title="bbox 144 2756 2080 2810; baseline -0.001 -12"><span class='ocrx_word' id='word_1_526' title='bbox 144 2758 444 2800; x_wconf 88' lang='lat' dir='ltr'>hebdomadale</span> <span class='ocrx_word' id='word_1_527' title='bbox 462 2761 486 2800; x_wconf 75' lang='lat' dir='ltr'>a</span> <span class='ocrx_word' id='word_1_528' title='bbox 503 2758 611 2800; x_wconf 79' lang='lat' dir='ltr'>festo</span> <span class='ocrx_word' id='word_1_529' title='bbox 627 2757 757 2799; x_wconf 82' lang='lat' dir='ltr'>fuisse</span> <span class='ocrx_word' id='word_1_530' title='bbox 780 2758 1038 2809; x_wconf 87' lang='lat' dir='ltr'>distinctum,</span> <span class='ocrx_word' id='word_1_531' title='bbox 1057 2760 1218 2799; x_wconf 87' lang='lat' dir='ltr'>constat</span> <span class='ocrx_word' id='word_1_532' title='bbox 1240 2758 1276 2798; x_wconf 88' lang='lat'>1.</span> <span class='ocrx_word' id='word_1_533' title='bbox 1296 2756 1363 2799; x_wconf 63' lang='lat' dir='ltr'>Ea:</span> <span class='ocrx_word' id='word_1_534' title='bbox 1381 2757 1537 2810; x_wconf 86' lang='lat' dir='ltr'>apertis</span> <span class='ocrx_word' id='word_1_535' title='bbox 1555 2756 1795 2810; x_wconf 84' lang='lat' dir='ltr'>Scripturae</span> <span class='ocrx_word' id='word_1_536' title='bbox 1813 2758 2080 2809; x_wconf 62' lang='lat' dir='ltr'>testimoniis,</span> 
     </span>
     <span class='ocr_line' id='line_1_46' title="bbox 144 2815 2081 2869; baseline -0.001 -11"><span class='ocrx_word' id='word_1_537' title='bbox 144 2818 302 2858; x_wconf 72' lang='lat' dir='ltr'>Levitie.</span> <span class='ocrx_word' id='word_1_538' title='bbox 336 2819 404 2859; x_wconf 85' lang='grc'>23.</span> <span class='ocrx_word' id='word_1_539' title='bbox 438 2818 477 2858; x_wconf 84' lang='grc'>4.</span> <span class='ocrx_word' id='word_1_540' title='bbox 503 2817 572 2857; x_wconf 79' lang='grc'>37.</span> <span class='ocrx_word' id='word_1_541' title='bbox 607 2818 674 2857; x_wconf 78' lang='grc'>38.</span> <span class='ocrx_word' id='word_1_542' title='bbox 711 2818 883 2860; x_wconf 64' lang='lat' dir='ltr'>Numer.</span> <span class='ocrx_word' id='word_1_543' title='bbox 913 2818 980 2858; x_wconf 68' lang='lat'>28.</span> <span class='ocrx_word' id='word_1_544' title='bbox 1005 2818 1070 2858; x_wconf 87' lang='grc'>10.</span> <span class='ocrx_word' id='word_1_545' title='bbox 1093 2818 1158 2856; x_wconf 90' lang='lat' dir='ltr'>ll.</span> <span class='ocrx_word' id='word_1_546' title='bbox 1181 2816 1248 2857; x_wconf 79' lang='grc'>16.</span> <span class='ocrx_word' id='word_1_547' title='bbox 1273 2816 1310 2856; x_wconf 84' lang='grc'>2.</span> <span class='ocrx_word' id='word_1_548' title='bbox 1332 2816 1396 2857; x_wconf 65' lang='lat' dir='ltr'>Ea*</span> <span class='ocrx_word' id='word_1_549' title='bbox 1418 2831 1465 2856; x_wconf 84' lang='lat' dir='ltr'>eo</span> <span class='ocrx_word' id='word_1_550' title='bbox 1485 2816 1593 2868; x_wconf 78' lang='lat' dir='ltr'>quod</span> <span class='ocrx_word' id='word_1_551' title='bbox 1612 2815 1652 2856; x_wconf 92' lang='lat' dir='ltr'>in</span> <span class='ocrx_word' id='word_1_552' title='bbox 1672 2816 1763 2869; x_wconf 70' lang='lat' dir='ltr'>lege</span> <span class='ocrx_word' id='word_1_553' title='bbox 1783 2817 1931 2857; x_wconf 88' lang='lat' dir='ltr'>morali</span> <span class='ocrx_word' id='word_1_554' title='bbox 1950 2816 2081 2857; x_wconf 81' lang='lat' dir='ltr'>Deca-</span> 
     </span>
    </p>

    <p class='ocr_par' dir='ltr' id='par_1_5' title="bbox 1994 2875 2076 2930">
     <span class='ocr_line' id='line_1_47' title="bbox 1994 2875 2076 2930; baseline 0.012 -16"><span class='ocrx_word' id='word_1_555' title='bbox 1994 2875 2076 2930; x_wconf 84' lang='lat' dir='ltr'>logi</span> 
     </span>
    </p>
   </div>
  </div>
 </body>
</html>
