2399 3084
283 140 366 180 210
415 139 558 180 D1sp.
591 137 687 179 VII.
722 137 1164 179 PROBLEMATUM
1196 151 1260 177 DE
1293 135 1527 177 MERI'ro
1561 135 1815 178 CHRISTI
1849 137 2001 179 PARS
2034 136 2109 180 IV.

282 261 488 302 Absolute
507 259 720 300 Christum
744 261 826 312 qua
842 258 1119 300 Mediatorem
1137 258 1217 299 dici
1235 272 1355 312 posse
1373 259 1498 311 caput
1515 257 1802 311 reproborum.
1836 258 1955 307 Quod
1977 259 2088 300 enim
2112 261 2227 301 auxi-

283 319 350 360 liis
382 319 630 373 quibusdam
669 317 965 359 communioris
1004 317 1166 372 gratiae
1197 331 1498 370 nonnunquam
1530 331 1598 357 eos
1631 316 1817 367 instruit,
1837 318 2020 359 externis
2042 319 2228 360 coetibus

282 377 467 418 fidelium
500 392 574 431 per
592 376 687 417 fidei
719 377 904 430 ejusdem
935 375 1237 430 professionem
1255 389 1324 416 eos
1341 375 1501 423 inserit,
1521 374 1707 428 ipsorum
1724 375 1842 416 donis
1861 376 1994 416 utitur
2010 376 2054 417 in
2072 377 2228 418 bonum

281 436 493 477 Ecclesiae
511 437 575 477 810.
595 434 642 476 Id
654 435 756 476 facit
773 449 855 476 non
867 437 951 489 qua
964 437 1088 489 caput
1101 449 1257 484 eorum,
1276 434 1348 474 sed
1366 435 1449 487 qua
1466 436 1592 487 caput
1609 433 1822 475 Ecclesiae
1834 449 1948 475 suae.
1966 434 2085 476 Haut
2103 435 2228 477 aliter

282 509 329 536 ac
365 509 433 536 eos
456 497 630 544 coercet,
654 494 773 548 virga
790 493 926 535 ferrea
943 493 1185 547 confringit,
1204 492 1248 532 in
1264 492 1402 532 medio
1420 506 1563 532 eorum
1582 492 1834 543 dominatur,
1854 508 1922 534 eos
1944 493 2120 547 pedibus
2140 494 2226 535 suis

282 556 364 594 una
396 568 489 594 cum
507 552 792 602 daemonibus,
813 552 956 593 bestiis
974 552 1123 600 noxiis,
1142 551 1319 604 aliisque
1339 550 1540 591 creaturis
1559 550 1729 604 subjicit
1747 551 1922 594 Psac..2.
1947 550 1988 593 a·
2010 553 2105 592 110.
2129 551 2168 594 ἃ·
2189 554 2224 593 1.

285 613 376 654 Cor.
418 612 481 652 15.
518 608 700 665 Philipp.
720 612 758 651 2.
780 612 896 654 Rom.
925 611 989 651 16.
1007 610 1134 652 Marci
1159 609 1225 650 16.
1244 609 1381 650 collat.
1402 624 1496 650 cum
1514 609 1648 650 Actor.
1673 609 1760 656 28.)
1778 610 1888 663 quod
1906 610 2009 651 facit
2029 625 2112 651 non
2129 614 2226 651 tan-

281 686 408 725 quam
441 673 566 724 caput
600 670 862 720 daemonum,
883 670 1174 710 damnatorum
1194 668 1425 709 bestiarum
1443 667 1509 709 &c.
1529 666 1611 708 Sed
1632 670 1835 721 tanquam
1854 671 1981 722 capnt
1999 669 2128 709 solius
2146 669 2224 710 Ec-

280 730 452 771 clesiae:
489 728 681 782 quamvis
715 731 797 782 qua
833 727 1043 769 Mediator
1074 727 1243 767 illorum
1276 726 1463 767 omnium
1497 726 1689 766 dominus
1707 726 1762 767 sit
1783 727 1951 768 domino
1975 728 2179 780 peculiari
2196 728 2226 769 86

281 787 543 830 oeconomico
575 787 617 827 in
636 787 779 828 ordine
797 788 826 828 &
843 789 1035 840 respectu
1052 785 1267 826 Ecclesiae
1290 799 1402 835 suae,
1422 799 1549 838 quam
1567 784 1731 825 interne
1754 785 1783 826 &
1806 787 1976 826 externe
1994 789 2077 839 qua
2094 790 2222 840 caput

280 848 500 902 gubernat.
515 868 518 871 ·
536 846 679 887 Maulz..
716 847 784 886 28.
822 845 886 887 18.
910 845 1099 899 Philipp.
1119 845 1157 885 2.
1177 844 1217 884 0.
1240 844 1304 884 10.
1339 843 1404 884 Ex
1422 843 1501 883 hac
1519 843 1866 884 determinatione
1885 844 2223 899 corrigi-debent,

280 921 386 961 quae
419 907 609 948 Beonan-s
640 919 727 959 cap.
762 905 830 944 20.
865 904 914 945 (10
947 903 1114 944 Christo
1147 902 1282 956 capite
1299 902 1487 943 omnium
1503 901 1721 942 hominum
1739 903 1947 956 proponit,
1965 903 2035 943 1110
2050 907 2224 957 propter

280 966 449 1007 chartae
483 963 724 1018 angustiam
762 978 843 1003 non
876 962 1124 1003 exhibenda
1157 960 1407 1002 Conferendi
1440 975 1534 1001 cum
1555 961 1714 1002 Becano
1746 969 2084 1004 commentatores
2107 963 2162 1003 ad
2184 964 2223 1002 3.

281 1032 432 1079 qecaest.
453 1023 491 1064 8.
510 1023 625 1064 artie.
645 1024 683 1062 3.
702 1021 758 1062 Et
776 1022 1027 1075 epitomator
1044 1020 1232 1060 Thomae
1253 1020 1458 1074 Alagona,
1479 1019 1551 1072 qui
1567 1019 1723 1060 ibidem
1742 1020 1791 1060 de
1808 1035 1882 1060 3110
1901 1020 2126 1061 absurdum
2146 1021 2224 1062 hoc

283 1082 420 1123 addit:
458 1081 648 1138 [nfideles
679 1088 777 1122 sunt
809 1080 994 1121 *nzenzbra
1037 1078 1187 1121 Christi
1205 1078 1456 1133 impotentia,
1478 1092 1582 1133 qliae
1602 1078 1812 1131 fundatur
1833 1079 1878 1119 in
1896 1079 2039 1121 merito
2060 1080 2223 1130 Christi,

281 1141 320 1183 ((1·
347 1142 391 1182 in
424 1141 546 1182 libero
563 1140 747 1181 arbitrio.
781 1138 916 1179 XXV.
953 1138 1092 1180 Proba.
1126 1137 1196 1178 An
1212 1136 1451 1177 obedientia
1469 1139 1543 1177 sua
1560 1136 1640 1177 sibi
1659 1137 1928 1190 acquisiverit
1941 1138 2009 1191 jus
2027 1138 2225 1191 perdendi

281 1197 834 1253 infidelesRespDistingue
851 1195 897 1234 τὸ
910 1197 1079 1247 directe,
1092 1196 1240 1250 primo,
1254 1195 1508 1245 immediate,
1527 1210 1652 1248 perse
1666 1195 1893 1249 acquirere,
1908 1197 1931 1236 a
1949 1201 2005 1245 τῷ
2030 1196 2223 1246 mediate,

282 1260 596 1312 cousequenter,
613 1258 642 1299 81
660 1271 733 1310 1101·
756 1256 945 1296 accidens
962 1255 1190 1308 acquirere,
1208 1257 1412 1307 tanquam
1430 1268 1534 1307 opus
1553 1269 1625 1294 seu
1648 1268 1801 1294 munus
1819 1255 2132 1303 succedaneum,
2152 1258 2225 1295 aut

281 1331 501 1358 annexum.
533 1316 671 1356 Priori
694 1315 814 1356 modo
833 1314 930 1369 Neq.
963 1314 1028 1354 Ex
1051 1314 1233 1355 Jolzmm.
1254 1313 1292 1353 3.
1310 1326 1413 1354 vers.
1436 1313 1503 1353 17.
1528 1312 1591 1352 18.
1626 1312 1857 1353 Posteriori
1879 1313 2000 1353 modo
2017 1313 2098 1369 Aff.
2118 1313 2225 1362 Quia

282 1375 505 1430 acquisivit
536 1388 714 1429 regnum
750 1373 1060 1414 oeconomicum
1095 1371 1303 1426 (Philipp.
1338 1373 1375 1411 2.
1393 1372 1430 1411 9.
1455 1372 1537 1421 10.)
1556 1386 1629 1424 per
1647 1371 1756 1424 quod
1774 1371 1872 1411 dum
1891 1374 2034 1412 tuetur
2052 1372 2080 1413 &
2104 1386 2217 1413 coro-

281 1437 354 1475 nat
370 1434 527 1484 fideles,
551 1448 633 1473 una
651 1434 812 1474 coercet
829 1433 858 1473 81
876 1432 1013 1485 perdit
1030 1431 1231 1480 infideles,
1252 1430 1368 1472 Psal.
1389 1431 1427 1470 2.
1446 1444 1549 1470 vers.
1570 1431 1608 1470 8.
1629 1430 1668 1470 9.
1694 1430 1757 1470 12.
1781 1428 1821 1470 a·
1842 1430 1936 1470 110.
1954 1444 2060 1472 vers.
2077 1433 2114 1470 1.
2131 1432 2169 1471 2.
2185 1432 2224 1472 3.

281 1491 437 1534 XXVI.
474 1492 612 1533 Probl,
646 1491 754 1539 Quid
776 1490 969 1531 Christus
986 1489 1186 1530 meruerit
1205 1489 1381 1543 Angelis
1404 1488 1556 1529 bonis?
1591 1489 1707 1541 Hesp.
1741 1487 1875 1528 Nihil.
1904 1489 1941 1528 1.
1959 1488 2067 1537 Quia
2085 1488 2225 1543 Scrip-

280 1554 376 1592 tura
395 1551 462 1591 hic
478 1553 602 1592 tacet.
625 1550 740 1603 Ergo
759 1564 842 1590 non
860 1551 925 1589 est
943 1548 1188 1601 sapiendum
1210 1562 1336 1600 supra
1353 1547 1395 1587 id
1413 1547 1522 1600 quod
1540 1546 1743 1600 scriptum
1763 1549 1838 1587 est.
1858 1547 1896 1587 2.
1918 1547 2027 1599 Quia
2048 1547 2221 1588 fuerunt

281 1609 516 1650 confirmati
546 1609 590 1649 in
624 1608 775 1662 gratia,
809 1607 838 1647 St
870 1607 913 1647 in
936 1606 1130 1657 termino,
1151 1608 1378 1659 antequam
1397 1604 1588 1646 Christus
1608 1605 1728 1645 datus
1748 1608 1821 1645 aut
1845 1605 2097 1646 constitutus
2115 1609 2226 1647 esset

280 1667 500 1709 Mediator.
523 1668 560 1708 3.
584 1668 692 1719 Quia
710 1668 806 1707 sunt
824 1666 1150 1719 independentes
1173 1680 1196 1705 a
1213 1666 1382 1718 peccato
1412 1663 1573 1713 Adami,
1592 1666 1621 1705 (ἢ
1639 1666 1941 1717 consequenter
1958 1664 2010 1704 ab
2029 1664 2222 1705 incarna-

278 1727 406 1777 tione,
440 1741 562 1767 carne
581 1725 784 1779 passibili,
803 1727 950 1774 morte,
970 1726 999 1766 81
1016 1726 1105 1764 tota
1122 1722 1361 1763 obedientia
1379 1725 1469 1762 tum
1488 1722 1636 1773 activa,
1655 1725 1745 1762 tum
1767 1722 1934 1776 passiva
1953 1721 2109 1763 Christi
2129 1722 2221 1763 Me-

279 1785 465 1826 diatoris.
499 1784 614 1833 Quae
646 1783 786 1824 onmia
818 1798 901 1823 non
932 1782 1124 1832 fuissent,
1158 1781 1363 1836 siquidem
1386 1780 1574 1821 Adamus
1592 1795 1673 1821 non
1694 1783 1919 1834 peccasset.
1953 1780 2220 1822 Contrarium

280 1843 348 1885 hic
380 1846 573 1884 statuunt
604 1842 811 1896 ‘Theologi
847 1841 1038 1881 nonnulli
1071 1844 1161 1881 tum
1195 1855 1244 1880 ex
1276 1839 1523 1889 PontificiiS,
1546 1842 1636 1879 tum
1655 1854 1704 1879 ex
1726 1839 1880 1880 nostris
1898 1854 2024 1893 supra
2042 1848 2152 1894 part.
2180 1841 2218 1881 2.

280 1903 406 1956 hujus
423 1903 529 1956 disp.
552 1901 669 1944 Thesi
686 1900 873 1942 2.Pr0bl.
893 1901 932 1941 5.
951 1899 1141 1940 indicati..
1155 1900 1345 1940 Beeams
1357 1899 1453 1940 locis
1466 1898 1522 1939 ibi
1538 1899 1600 1939 cil.
1614 1898 1831 1938 nobiscum
1843 1899 1993 1938 statuit
2007 1898 2221 1939 Christum

280 1976 354 2002 1100
390 1961 569 2015 gloriam
601 1975 676 2001 nec
707 1962 890 2014 gratiam
922 1958 973 1999 iis
1000 1958 1215 1998 ineruisse.
1252 1958 1366 2011 [pag.
1387 1957 1493 2012 277]
1528 1956 1724 1997 Concedit
1742 1959 1896 2007 tamen,
1915 1957 1964 1997 de
1983 1957 2220 2011 aliquarum

278 2034 419 2061 rerum
455 2020 484 2061 81
517 2018 811 2073 mysteriorum
848 2017 1122 2058 revelatione:
1157 2015 1239 2057 Sed
1271 2016 1428 2069 absque
1464 2015 1552 2056 ulla
1584 2015 1758 2065 ratione,
1791 2017 1837 2055 ut
1870 2015 1930 2054 ibi
1966 2015 2216 2058 notavimus.

279 2078 454 2119 Frustra
486 2092 586 2132 ergo
614 2077 795 2118 Antores
814 2076 930 2117 citati
949 2076 992 2116 in
1007 2076 1157 2116 merito
1179 2074 1337 2116 Christi
1354 2074 1616 2129 Angelorum
1635 2073 2028 2123 reconciliationem,
2052 2076 2124 2115 aut
2146 2089 2219 2115 re-

280 2137 546 2187 demtionem,
581 2139 654 2176 aut
671 2135 1041 2185 conservationem,
1060 2137 1133 2174 aut
1156 2133 1500 2187 praemotionem,
1519 2134 1592 2172 aut
1611 2132 1891 2185 adoptionem,
1916 2134 1988 2172 aut
2005 2132 2219 2187 glorifica-

279 2196 435 2236 tionem
468 2197 686 2249 quaerunt.
720 2192 899 2234 XXVII.
925 2193 1066 2235 Probl.
1086 2191 1241 2233 Affinis
1264 2194 1326 2232 est
1344 2190 1534 2245 quaestio
1552 2205 1604 2230 an
1627 2190 1656 2230 81
1680 2191 1885 2243 quomodo
1903 2190 1958 2231 sit
1977 2191 2167 2231 dominus
2191 2192 2219 2233 81

280 2257 406 2307 caput
442 2253 703 2308 Angelorum
717 2256 735 2293 Ρ
772 2253 888 2306 Resp.
921 2252 1132 2293 Dominus
1164 2265 1307 2291 eorum
1339 2252 1402 2290 est
1420 2249 1574 2302 duplici
1592 2248 1753 2289 ratione
1776 2247 1882 2286 κατὰ
1902 2251 2114 2296 θεολογὶκν
2131 2249 2218 2293 scil.

280 2313 564 2371 consideratus
595 2314 799 2365 tanquam
831 2310 1028 2358 ὁμεεόσισς
1054 2324 1148 2350 011111
1167 2308 1292 2349 Patre
1316 2307 1442 2358 Deus,
1462 2308 1587 2361 idque
1600 2308 1694 2360 jure
1712 2306 1935 2348 creationis
1952 2306 1981 2347 &
1998 2321 2218 2348 conserva-

279 2371 428 2411 tionis:
462 2384 541 2408 κκτ
577 2370 788 2418 εἰκευομῖκν
819 2371 901 2422 qua
933 2368 1153 2419 Mediator,
1187 2368 1216 2409 81
1249 2366 1418 2420 (1111(10111
1450 2366 1620 2419 speciali
1639 2366 1800 2406 ratione
1818 2367 1913 2418 post
1934 2365 2219 2406 ascensionem

280 2429 427 2483 Ephes.
465 2431 500 2469 1.
537 2429 604 2469 20.
630 2429 697 2468 21.
734 2428 865 2481 Caput
898 2441 1040 2467 eorum
1059 2429 1133 2477 est,
1153 2425 1252 2479 quia
1269 2425 1479 2479 gubernat
1497 2439 1579 2472 eos,
1598 2425 1627 2466 &
1646 2424 1780 2464 utitur
1801 2423 1969 2464 illorum
1986 2423 2219 2464 ministerio

279 2488 387 2528 circa
405 2488 583 2528 salutem
600 2486 831 2536 hominum,
849 2486 878 2527 ἃ
900 2486 943 2525 111
966 2485 1085 2539 regni
1103 2483 1353 2525 oeconomici
1372 2482 1746 2533 administratione,
1766 2481 1920 2523 Joann.
1942 2482 1977 2522 1.
1993 2483 2060 2522 52.
2078 2482 2216 2524 Actor.

284 2547 349 2586 1-2.
373 2547 438 2586 17.
460 2546 602 2587 Manli.
624 2545 691 2584 24.
717 2546 784 2585 30.
806 2545 874 2585 31.
898 2543 938 2585 ἃ·
956 2545 1023 2584 25.
1043 2544 1112 2584 31.
1132 2544 1172 2584 2.
1211 2542 1389 2584 Thessal.
1428 2542 1464 2582 1.
1486 2542 1524 2582 7.
1557 2541 1614 2581 Et
1631 2540 1852 2581 associavit
1874 2554 1943 2580 eos
1962 2540 2216 2591 hominibus,

282 2606 310 2646 &
347 2604 435 2644 vice
469 2618 600 2654 versa,
633 2604 800 2657 Apocctl.
834 2603 900 2643 10.
918 2616 1023 2643 vers.
1044 2603 1111 2643 10.
1136 2601 1272 2645 Coloss
1296 2602 1334 2640 2.
1358 2601 1422 2640 10.
1442 2599 1550 2641 Vide
1568 2599 1655 2640 illic
1672 2606 1937 2640 commentar.
1956 2598 2010 2639 D.
2032 2599 2216 2640 Gomari.

285 2663 463 2704 Autores
495 2663 614 2702 modo
647 2661 819 2702 indicati
852 2661 1022 2711 addunt,
1045 2660 1145 2713 quia
1177 2659 1232 2700 sit
1248 2658 1457 2699 Mediator
1474 2672 1629 2707 eorum,
1651 2658 1681 2700 81
1710 2657 1811 2711 ipsis
1839 2656 2023 2711 gratiam
2040 2657 2216 2698 meritus

282 2721 351 2761 sit.
384 2719 464 2760 Sed
497 2721 581 2761 tale
613 2720 712 2772 quid
747 2720 790 2760 in
823 2718 1040 2773 Scriptura
1072 2733 1154 2759 non
1187 2719 1413 2771 comparet,
1445 2717 1623 2757 Thomas
1639 2729 1680 2770 p.
1699 2716 1737 2756 3.
1758 2729 1826 2770 qu.
1846 2716 1886 2756 8.
1908 2714 2014 2755 alias
2032 2715 2216 2756 rationes

283 2778 431 2828 adfert,
465 2793 536 2818 cur
554 2778 744 2819 Christus
763 2778 924 2818 dicatur
941 2780 1086 2831 caput:
1107 2777 1179 2817 sed
1197 2790 1302 2829 quae
1320 2790 1463 2815 omnes
1486 2777 1727 2815 accuratum
1744 2787 1917 2814 examen
1934 2787 2016 2813 non
2035 2774 2211 2815 sustine-

282 2838 386 2877 rent.
420 2835 499 2878 Sed
522 2836 588 2876 hie
612 2836 914 2888 abrumpimus,
937 2836 1098 2888 reliqua
1120 2834 1383 2888 problemata
1399 2833 1591 2887 sequenti
1609 2835 1727 2887 parte
1745 2831 1990 2874 exhibituri.
2125 2887 2164 2932 R
