2399 3084
443 127 848 169 DOGMATIsnE
881 127 1546 172 SS.TR1N1TATE.PAR.<
1581 147 1819 173 ALTERA.
2047 134 2100 174 99

153 251 208 292 tis
246 251 275 293 81
307 249 460 291 61110113
493 250 622 291 divini
655 253 821 305 partem
854 251 1029 301 ducant;
1066 251 1172 294 haut
1205 253 1328 294 aliter
1362 268 1408 294 ac
1431 252 1643 295 Sociniani
1663 270 1712 296 ex
1731 270 1846 296 mera
1863 256 2099 297 reverentia

154 309 398 363 scripturae,
418 310 447 350 81
478 309 734 350 conscientia
766 309 894 351 officii
925 309 1016 352 Deo
1037 311 1291 365 praestandi,
1311 327 1354 353 se
1377 312 1575 367 dogmata
1592 313 1640 354 de
1659 313 1882 364 Trinitate,
1902 314 2094 356 satisfac-

152 368 266 409 tione
299 366 457 408 Christi
490 368 555 409 810.
588 368 740 419 verbis,
773 368 981 423 factisque
1013 384 1088 423 pro
1121 370 1232 410 virili
1271 371 1466 424 persequi
1485 372 1513 413 81
1532 373 1810 413 exterminare
1828 373 2092 426 profitentur,

154 440 381 480 eorumque
400 425 525 467 fidem
542 426 584 467 in
603 427 852 468 adversariis
870 428 955 468 suis
975 428 1103 469 etiam
1120 428 1277 480 invitis,
1304 429 1516 483 impedire.
1536 429 1599 470 De
1617 431 1755 472 verbis
1777 431 1901 472 fidem
1919 431 2092 481 faciunt,

153 484 411 538 multiplices
442 484 732 539 blasphemiae
764 484 1081 527 Socinianorum
1115 490 1259 527 contra
1293 488 1495 542 mysteria
1527 487 1762 539 Trinitatis,
1781 489 2094 540 incarnationis,

155 542 469 591 satisfactionis,
488 544 804 585 resurrectionis
823 544 1008 598 ejusdem
1026 545 1161 586 carnis
1180 547 1243 587 &c.
1269 545 1332 587 De
1349 546 1486 596 factis,
1515 561 1654 588 carcer
1671 547 1704 588 F
1708 548 1883 589 rancisci
1905 547 2094 599 Davidis,

154 602 197 642 in
230 616 311 656 quo
338 601 606 656 phreneticus
638 602 774 644 factus
810 603 958 644 misere
981 603 1108 644 obiit:
1142 605 1252 657 quod
1269 603 1418 645 Socino
1436 605 1573 645 autori
1591 609 1663 646 aut
1680 606 1921 661 instigatori
1940 607 2095 648 adscri-

153 660 273 703 bunt.
307 660 417 701 Addi
438 663 609 715 possent
631 662 660 703 81
680 659 1039 712 Remonstrantes,
1058 662 1131 715 qui
1149 663 1482 716 persecutionem
1502 663 1621 718 [pag.
1642 665 1747 719 499]
1772 668 1916 706 contra
1949 665 2094 707 ortho-

155 719 272 760 doxis
310 718 594 769 Roterodami,
627 718 866 773 Ultrajecti,
890 718 1209 762 Schoonhoviae
1228 722 1292 763 810.
1314 722 1565 762 concitatam
1585 723 1825 777 (videantur
1846 724 2004 767 decreta
2029 725 2095 766 Ul·

154 778 428 832 trajectinum,
460 781 488 817 81
521 778 1169 832 Boterodamo-Sclzielandiomn)
1198 794 1248 820 ex
1269 780 1522 821 conscientia
1548 781 1667 831 bona,
1691 783 1719 824 81
1737 782 1824 822 zelo
1841 782 1980 823 divino
1999 797 2094 836 pro-

154 836 309 878 fectam
327 850 416 877 esse
439 836 575 877 dicent
593 836 880 890 proculdubio.
907 836 1173 878 Tantundem
1191 853 1284 879 cum
1302 840 1579 892 praetendant
1596 839 1775 893 Papales
1793 843 2093 894 persecutores,

154 896 184 937 81
217 894 494 948 Inquisitores
529 895 712 948 quidam,
744 896 908 935 caetera
925 895 993 948 pie
1011 897 1039 937 81
1062 895 1235 937 honeste
1254 898 1479 938 secundum
1499 898 1795 951 professionem
1814 914 1933 940 snam
1950 900 2094 941 viven-

153 956 216 994 tes
235 969 244 1003 3
268 953 474 1006 quomodo
491 967 573 992 non
590 952 903 994 fraternitatem
922 953 1025 1007 ipsis
1043 954 1219 995 offerent
1237 954 1597 1005 Remonstrantes,
1616 972 1746 1011 aeque
1764 972 1811 998 ac
1828 957 2094 1000 Sooinianis‘?

154 1011 208 1052 V.
243 1012 331 1065 obj.
369 1010 477 1059 Quia
508 1025 583 1064 pro
621 1011 831 1052 erroribus
865 1012 952 1052 suis
985 1012 1094 1053 circa
1126 1013 1358 1054 doctrinam
1392 1015 1441 1055 de
1474 1014 1697 1066 Trinitate,
1716 1030 1893 1069 persona
1910 1018 1939 1058 81
1956 1016 2095 1058 officio

155 1070 312 1112 Christi
344 1071 408 1112 810.
432 1084 515 1110 11011
549 1072 741 1124 pugnant
772 1072 917 1110 contra
939 1071 1235 1112 conscientiam
1254 1087 1396 1122 suam;
1415 1073 1556 1125 itaque
1575 1088 1734 1115 errores
1753 1089 1897 1116 eorum
1915 1078 2012 1116 sunt
2033 1076 2095 1116 in-

154 1129 282 1179 noxii,
320 1142 394 1169 nec
426 1131 649 1182 propterea
683 1131 707 1169 a
738 1127 1006 1169 fraternitate
1040 1130 1298 1171 excludendi.
1335 1132 1450 1185 Hesp.
1488 1131 1696 1173 Pervelim
1716 1133 1852 1174 doceri
1871 1132 2094 1175 6116111011-

155 1187 400 1237 strantibus,
425 1187 576 1241 quibus
610 1187 779 1240 judiciis
812 1187 841 1229 &
863 1187 1136 1242 gnorismatis
1158 1191 1270 1229 certo
1293 1190 1422 1230 statui
1444 1190 1590 1243 possit,
1610 1206 1768 1232 errores
1787 1192 1838 1232 ab
1858 1192 1999 1245 aliquo
2016 1193 2093 1233 de-

155 1246 269 1287 fendi
300 1248 446 1286 contra
477 1245 787 1286 conscientiam.
820 1245 915 1286 Non
951 1249 1054 1299 puto
1087 1246 1245 1300 aliquid
1278 1248 1330 1288 ab
1363 1248 1414 1288 iis
1441 1263 1563 1302 posse
1580 1250 1911 1300 commonstrari,
1930 1254 2095 1304 praeter

155 1304 370 1359 propriam
403 1304 582 1345 errantis
612 1304 933 1345 confessionem.
963 1304 1092 1358 Atqui
1113 1305 1202 1359 jam
1220 1306 1362 1347 nullus
1379 1306 1629 1358 haereticus,
1648 1308 1869 1356 fanaticus
1889 1309 2094 1350 Enthusi-

156 1365 260 1413 asta,
294 1362 444 1403 atheus
483 1365 507 1403 a
538 1362 805 1403 fraternitate
838 1363 1131 1414 excludendus,
1164 1378 1239 1405 nec
1276 1368 1420 1406 contra
1453 1366 1671 1407 scientiam
1705 1381 1844 1407 errare
1876 1367 2092 1409 dicendus:

154 1421 354 1476 quamdiu
386 1421 476 1475 ipse
508 1423 651 1462 contra
684 1421 869 1475 seipsum
902 1423 930 1463 81
963 1421 1012 1462 (16
1045 1422 1180 1476 seipso
1218 1422 1297 1464 hoc
1328 1438 1410 1464 non
1442 1425 1638 1465 declarat.
1672 1424 1844 1466 Fratres
1880 1439 1980 1480 ergo
1998 1430 2096 1467 sunt

153 1480 319 1531 Judaei,
342 1479 694 1531 Muhamedistae,
717 1479 1006 1530 Marcionitae,
1025 1479 1278 1532 Manichaei,
1302 1481 1486 1530 Arriani,
1511 1482 1757 1534 Sabelliani,
1776 1483 2093 1526 Circumcellio-

153 1539 232 1590 nis,
265 1537 713 1588 Henna-Nicolaitae,
733 1537 1093 1589 David-Joristae,
1117 1539 1233 1593 Papa
1256 1555 1350 1581 cum
1383 1541 1469 1582 suis
1493 1541 1786 1583 Cardinalibus
1808 1544 1837 1584 &
1867 1543 2094 1584 curialibus

154 1596 370 1648 Romanis,
404 1596 598 1637 Vaninus
633 1598 662 1638 81
699 1596 950 1638 Godefridus
969 1599 992 1638 a
1010 1597 1134 1638 Valle
1152 1599 1219 1653 (de
1243 1599 1395 1652 quibus
1414 1600 1458 1640 in
1476 1600 1582 1654 disp.
1603 1601 1652 1641 de
1668 1600 1892 1655 Aclzeismo)
1911 1600 1938 1642 J
1942 1602 2094 1643 acobus

155 1655 362 1705 Clemens,
380 1654 609 1695 Balthasar
627 1654 850 1700 GerarduS.
883 1654 1092 1696 Henricus
1125 1655 1343 1708 Slaetsius,
1368 1658 1524 1712 aliique
1541 1659 1717 1699 assasini
1734 1659 1763 1700 81
1780 1660 2004 1713 paricidae,
2023 1662 2094 1714 qui

154 1715 292 1765 fidem,
309 1713 559 1768 religionem
577 1713 606 1754 81
628 1713 925 1755 conscientiam
943 1729 1062 1755 suam
1080 1715 1350 1768 paricidalem
1369 1719 1608 1758 constanter
1624 1717 1803 1771 professi
1821 1721 1932 1768 sunt,
1950 1719 1980 1760 81
1997 1733 2093 1760 san-

154 1773 282 1827 guine
313 1786 388 1812 suo
421 1771 711 1826 obsignarunt.
748 1771 821 1813 VI.
854 1772 942 1826 Obj.
960 1772 1067 1820 Quia
1089 1772 1203 1813 Deus
1221 1778 1392 1828 propter
1409 1774 1688 1822 Socinismum
1708 1778 1850 1830 (quem
1869 1791 1943 1817 nos
1961 1778 2093 1818 credi-

154 1846 247 1872 mus
266 1845 356 1872 esse
372 1830 566 1871 haeresin
583 1830 613 1871 81
630 1830 955 1885 blasphemiam)
977 1831 1187 1872 neminem
1206 1833 1522 1874 condemnabit:
1551 1835 1700 1874 saltem
1718 1834 1795 1875 1100
1813 1834 1967 1876 directe
1985 1836 2092 1876 hac-

154 1893 276 1931 tenus
309 1904 360 1930 ex
393 1889 602 1942 scriptura
619 1903 701 1929 non
718 1888 856 1942 potuit
869 1889 1160 1930 demonstrari.
1195 1891 1310 1945 Resp.
1345 1890 1435 1932 Nos
1468 1892 1722 1933 contrarium
1741 1907 1815 1946 per
1831 1895 1963 1934 totam
1987 1894 2095 1936 hanc

154 1948 476 2003 disputationem
493 1947 777 2001 probavimus,
796 1961 846 1988 ex
862 1946 1149 1988 fundamentis
1182 1949 1414 2002 scripturae
1441 1951 1572 1992 Galat.
1607 1951 1646 1991 5.
1670 1952 1705 1991 1.
1725 1952 1762 1990 2.
1784 1952 1822 1991 3.
1841 1953 1870 1993 81
1889 1952 1957 1992 31.
1976 1953 2044 1993 25.
2064 1955 2093 1995 81

157 2013 194 2049 1.
226 2007 375 2048 Jolzcm.
407 2006 443 2046 1.
475 2006 514 2047 8.
548 2007 577 2048 81
597 2006 634 2046 1.
654 2007 693 2046 3.
713 2006 741 2047 81
762 2006 781 2045 1
807 2006 990 2047 Corinth.
1012 2007 1050 2047 5.
1074 2007 1139 2046 15.
1162 2008 1227 2047 13.
1252 2007 1404 2048 Confer
1421 2023 1548 2062 supra
1564 2016 1672 2062 part.
1695 2009 1732 2049 1.
1753 2009 1900 2051 thesin.
1919 2012 1956 2051 3.
1977 2012 2007 2052 81
2027 2025 2091 2052 re-

153 2066 418 2121 sponsionem
437 2065 493 2106 ad
509 2063 765 2119 objectioneo'n
782 2065 908 2118 paulo
926 2067 1023 2118 post
1040 2065 1354 2118 subjiciendam.
1376 2066 1470 2107 VII.
1500 2067 1584 2121 Obj.
1609 2067 1717 2116 Quia
1734 2067 1919 2109 haeresis
1938 2084 2091 2123 specu-

153 2124 296 2175 lativa,
329 2124 407 2164 hoc
439 2125 515 2171 est,
554 2123 746 2177 pertinax
769 2123 859 2173 (sed
880 2138 962 2163 11011
980 2126 1124 2164 0011116
1141 2124 1457 2177 conscientiam)
1482 2126 1609 2166 etiam
1627 2126 1735 2167 circa
1752 2127 1999 2177 necessaria,
2017 2143 2091 2170 ne-

153 2183 311 2224 minem
347 2181 586 2230 damnabit3
620 2181 655 2221 si
692 2181 813 2222 modo
845 2181 914 2235 pie
941 2181 1069 2232 vivat,
1102 2181 1132 2222 81
1153 2185 1280 2237 neget
1302 2198 1478 2237 semper,
1497 2199 1571 2238 per
1589 2185 1867 2226 conscientiae
1885 2186 2091 2228 dictamen

154 2241 278 2282 aliter
314 2254 434 2294 posse
468 2240 636 2280 sentire.
668 2239 788 2294 Resp.
826 2241 863 2280 1.
888 2240 964 2281 hac
979 2240 1204 2294 hypothesi
1223 2242 1405 2282 admissa
1422 2242 1641 2283 dicendum
1659 2245 1781 2293 esset,
1801 2243 1979 2285 Paulum
1997 2260 2091 2299 per-

154 2302 386 2341 secutorem
419 2299 552 2341 Galat.
592 2299 629 2339 1.
666 2299 731 2338 13.
755 2298 820 2337 14.
839 2300 886 2338 ut
904 2299 933 2340 81
951 2298 1055 2339 61103
1077 2298 1104 2339 J
1108 2300 1262 2340 udaeos
1289 2300 1431 2341 hostes
1449 2301 1605 2341 Christi
1622 2301 1787 2342 Jolzann
1826 2303 1891 2342 16.
1908 2304 1946 2343 3.
1964 2303 2091 2344 &Deo

153 2373 236 2399 non
252 2357 438 2412 potuisse
456 2356 657 2404 damnari,
677 2359 750 2397 aut
768 2358 791 2396 Ξι
808 2356 993 2397 fidelium
1007 2357 1218 2410 spirituali
1236 2373 1283 2398 ac
1300 2358 1487 2399 fraterna
1504 2359 1794 2400 communione
1812 2361 1975 2401 excludi
1993 2362 2092 2415 quia

154 2417 242 2458 scil.
265 2416 310 2456 in
326 2414 580 2457 conscientia
591 2414 838 2467 judicabant
855 2415 992 2455 Deum
1010 2415 1088 2456 hoc
1104 2416 1164 2456 ita
1186 2417 1384 2458 mandare
1400 2431 1408 2457 ε
1438 2418 1554 2471 cujus
1574 2418 1781 2458 mandatis
1798 2433 1880 2459 non
1897 2422 2092 2473 poterant

153 2490 237 2516 non
266 2489 424 2529 parere.
460 2473 564 2514 Esse
595 2472 664 2513 hic
685 2473 820 2513 zelum
836 2472 930 2523 Dei,
950 2474 1124 2515 Roman.
1143 2475 1209 2515 10.
1231 2476 1268 2515 2.
1289 2490 1376 2516 esse
1395 2475 1600 2516 intentam
1625 2479 1802 2523 λατρείκν
1817 2474 1999 2519 Jolzamzj
2024 2479 2089 2520 16.

155 2534 194 2575 3.
227 2533 286 2574 Et
316 2535 459 2573 tamen
475 2530 659 2572 Judaeos
675 2530 784 2580 illos,
805 2532 833 2572 81
851 2531 1036 2584 seipsum
1062 2533 1310 2573 condemnat
1332 2535 1545 2586 apostolus
1568 2535 1601 2574 1.
1629 2534 1803 2576 Thessal.
1830 2536 1870 2577 2.
1891 2536 1956 2577 15.
1979 2537 2045 2578 16.
2068 2539 2086 2578 1

162 2591 335 2634 Timolh.
358 2593 393 2631 l.
418 2591 482 2630 17.
498 2590 563 2630 17.
582 2614 639 2619 ——
657 2590 696 2628 2.
722 2589 836 2631 Unde
851 2589 1090 2642 probabunt
1108 2590 1386 2644 Hymeneum,
1400 2592 1631 2642 Philetum,
1645 2591 1947 2644 Alexandrum,
1960 2594 2089 2636 Nico-

155 2650 293 2701 laitas,
316 2652 460 2690 contra
492 2648 709 2689 scientiam
739 2646 768 2687 &
786 2647 1078 2688 conscientiam
1099 2663 1259 2689 errores
1276 2664 1371 2690 suos
1390 2651 1591 2703 sparsisse
1610 2654 1628 2691 :³
1646 2651 1718 2704 qui
1736 2654 1876 2693 tamen
1896 2654 2092 2695 condem-

154 2711 309 2749 nantur
339 2708 383 2748 in
415 2707 622 2760 scriptura
655 2706 772 2760 [pag.
809 2706 913 2759 500]
932 2706 961 2747 81
979 2708 1031 2746 ab
1049 2707 1163 2747 omni
1185 2709 1474 2749 communione
1497 2712 1775 2763 segregantur
1795 2711 1831 2751 l.
1857 2710 2029 2753 Te'motlt.
2054 2715 2087 2754 1.

155 2767 226 2808 20.
258 2768 297 2808 2.
321 2767 424 2808 Τένῃ.
445 2767 483 2805 2.
506 2765 572 2805 17.
595 2766 624 2806 81
641 2764 679 2803 4.
702 2763 769 2804 14.
787 2764 949 2816 Apocal.
969 2764 1006 2805 6.
1030 2765 1094 2805 15.
1114 2788 1171 2795 —
1189 2766 1227 2805 3.
1256 2766 1356 2818 Quis
1373 2767 1481 2807 dicet
1498 2782 1640 2808 omnes
1659 2767 1919 2810 Christianos
1940 2770 2090 2812 3111161-

154 2827 294 2867 zantes
326 2827 470 2866 contra
501 2821 799 2865 conscientiam
831 2821 1012 2863 fecisse?
1044 2823 1128 2863 Eos
1159 2826 1298 2864 tamen
1333 2825 1581 2866 condemnat
1617 2827 1844 2879 apostolus,
1874 2828 1904 2869 81
1927 2833 2047 2882 optat
2065 2833 2089 2871 a

1909 2901 2090 2929 Commu-
