2399 3084
529 465 1189 544 DISPUTATIO
1242 464 1622 545 PRIMA.

316 703 1844 904 RATIONEDEHUMANA

556 946 676 1009 IN
737 947 1115 1010 REBUS
1177 947 1601 1012 FIDEIl).

111 1136 172 1176 De
188 1148 271 1175 usn«
288 1135 462 1175 rationis
484 1134 694 1175 humanae
711 1135 755 1175 in
777 1134 896 1176 rebus
913 1135 1009 1191 fidei
1025 1135 1180 1189 (Inpleoe
1196 1142 1251 1175 est
1267 1134 1540 1176 controversia
1549 1148 1562 1176 .·
1602 1135 1691 1175 Una
1709 1149 1799 1176 cum
1820 1135 2051 1178 Sociw'mzis

170 1207 392 1248 coriumque
408 1194 534 1234 asscel
539 1194 588 1241 ῖ3,·
605 1195 733 1235 sellem
751 1207 845 1234 cum
863 1194 1073 1235 neotericis
1089 1194 1341 1250 quibusdam
1362 1193 1489 1236 Ponti
1490 1193 1603 1249 ficiis.
1629 1194 1712 1236 Nos
1727 1201 1949 1249 utramque
1964 1194 2052 1236 bre-

167 1253 268 1293 viter
284 1252 349 1293 liis
366 1252 544 1293 thesibus
561 1251 868 1306 epocabimus.

173 1342 215 1385 1.
249 1341 460 1383 Sociniani
483 1343 674 1396 quamvis
693 1343 917 1397 aliquando
935 1343 1155 1384 videantur
1172 1343 1375 1384 fluctuare
1399 1344 1463 1398 (ut
1480 1342 1680 1397 Scepticis
1699 1345 1728 1386 δι
1750 1343 2050 1398 Phyrrhioniis

113 1400 252 1441 affinis
281 1403 343 1441 est
364 1400 467 1441 haec
485 1402 614 1454 secta)
633 1402 731 1442 dum
749 1417 848 1456 prae
867 1418 909 1443 se
928 1401 1070 1443 ferunt
1092 1402 1309 1456 scripturis
1328 1402 1468 1443 omnia
1487 1404 1510 1442 a
1528 1417 1570 1443 se
1588 1402 1740 1443 tribui:
1760 1405 1901 1443 tamen
1920 1403 2000 1443 ista
2023 1405 2051 1445 ἃ

113 1459 268 1500 similia
301 1474 519 1513 perperam
549 1460 760 1502 effutiunt.
798 1461 983 1503 Oscorod.
1003 1462 1178 1502 institui.
1197 1475 1284 1516 cap.
1306 1461 1344 1502 6.
1369 1460 1566 1503 Calechcs.
1587 1462 1819 1503 Racovicma
1835 1476 1875 1514 p.
1895 1462 1964 1502 37.
1984 1463 2052 1503 55.

113 1519 181 1559 56.
212 1516 362 1559 Sinalc.
392 1518 434 1558 in
466 1519 598 1571 praef.
618 1534 651 1560 c.
671 1519 908 1561 Franzium.
942 1520 1037 1562 Sola
1054 1521 1214 1561 ratione
1231 1520 1454 1575 dijudicari
1466 1520 1779 1574 possibilitatem
1802 1518 1842 1561 Hc
1858 1520 2052 1574 impossi-

114 1577 308 1618 bilitatem
325 1577 599 1619 articulet-mn
614 1578 711 1634 fidei
724 1593 737 1627 ;
754 1592 840 1619 mm
857 1593 939 1620 esse
959 1579 1160 1620 credenda
1177 1593 1281 1634 qliae
1297 1579 1424 1620 menti
1440 1579 1928 1633 impossibiliavidentur,
1942 1593 2053 1620 sum-

113 1649 227 1676 mam
244 1636 484 1689 reliqionem
501 1650 584 1677 esse
605 1637 832 1678 rationem:
849 1639 878 1679 δε
895 1637 1077 1678 ostendit
1093 1637 1281 1691 ipsorum
1298 1637 1519 1678 methodus
1538 1637 1777 1690 disputandi
1796 1639 1940 1678 contra
1958 1637 2052 1677 Tri-

113 1694 304 1745 nitatem,
324 1693 482 1735 Christi
499 1710 722 1748 personam
739 1697 767 1737 a
785 1695 923 1737 officia
949 1695 1021 1737 r‘i'c.
1041 1710 1123 1736 non
1146 1696 1394 1749 scripturam
1412 1698 1577 1736 tantum
1600 1696 1672 1736 sed
1690 1695 1815 1736 etiam
1832 1695 2051 1745 rationem,

113 1754 142 1794 &
164 1753 228 1793 Vel
247 1752 466 1806 imprimis,
486 1768 574 1794 esse
591 1768 781 1794 normam
804 1754 1020 1808 religionis
1049 1756 1078 1796 δι
1096 1755 1417 1795 credendorum:
1442 1754 1664 1807 praecipue
1683 1768 1777 1795 cum
1794 1768 1936 1794 omnes
1956 1754 2052 1794 fidei

113 1811 311 1851 veritates
331 1825 380 1851 ex
394 1811 640 1864 simpliciter
657 1812 867 1865 prioribus
885 1814 914 1854 812
930 1812 1164 1853 notioribus
1183 1813 1327 1853 deduci
1345 1813 1511 1853 volunt:
1536 1813 1690 1866 quippe
1707 1812 1780 1865 qui
1796 1812 1988 1853 notiones
2007 1827 2053 1853 ac

113 1872 335 1922 conceptus
364 1870 536 1910 univoce
562 1870 819 1911 universales
837 1871 885 1911 de
908 1870 996 1911 Deo
1019 1873 1047 1913 δε
1072 1871 1288 1920 creaturis,
1311 1871 1360 1911 de
1378 1871 1501 1912 rebus
1520 1871 1835 1924 actionibusque
1855 1871 2006 1911 divinis
2025 1872 2053 1913 ἃ

113 1927 308 1968 humanis
336 1928 502 1982 fingunt
524 1931 725 1982 tanquam
756 1929 988 1983 aequaliter
1013 1929 1098 1970 illis
1126 1929 1418 1970 convenientes
1445 1929 1475 1970 &
1503 1929 1784 1982 applicandos,
1814 1929 1938 1982 idque
1956 1931 2053 1969 ante
2105 1948 2110 1952 ·

114 1989 232 2026 extra
260 1987 289 2028 δε
311 2001 438 2040 supra
455 1987 717 2040 scripturam.
752 1987 842 2028 Nec
859 1987 1022 2028 abludit
1040 1987 1192 2028 author
1210 2002 1441 2041 anonymus
1458 1987 1592 2028 libelli
1609 1987 1654 2027 in
1672 1986 1900 2028 Hollandia
1918 1987 2051 2041 sparsi

114 2059 222 2085 anno
243 2045 369 2096 1633,
387 2045 460 2098 qui
476 2045 661 2086 continet
677 2059 850 2087 emmam
867 2046 989 2087 libelli
1007 2046 1208 2100 Papinio&
1234 2045 1384 2088 Valerii
1402 2046 1544 2100 ΛΙαςμιί
1562 2046 1610 2087 de
1626 2045 1958 2087 Aeatlzolicormn
1975 2059 2054 2087 cre-

115 2103 240 2144 dendi
270 2104 428 2157 requld,
454 2104 526 2144 ubi
555 2104 584 2145 δῦ
602 2104 919 2145 Pontificiorum
936 2106 964 2146 δι
981 2107 1124 2145 nostra
1142 2105 1189 2145 de
1208 2105 1347 2158 judice
1365 2104 1741 2145 controversiarum
1760 2105 1967 2145 sententia
1983 2119 2053 2145 ex-

114 2162 245 2215 plosa,
262 2162 467 2203 naturalis
490 2162 598 2203 ratio
620 2162 807 2203 humana
825 2163 1026 2203 statuitur
1039 2163 1167 2216 judex
1185 2164 1214 2205 ἃ
1231 2177 1376 2204 norma
1394 2163 1503 2203 fidei.

175 2218 220 2263 2.
255 2219 533 2274 praecognita
559 2220 588 2261 δι
611 2221 866 2275 hypotheses
899 2221 1021 2262 nobis
1045 2221 1128 2262 sint
1145 2222 1264 2263 istae.
1296 2220 1329 2262 I.
1349 2221 1429 2262 Per
1446 2220 1650 2261 rationem
1671 2220 1900 2261 humanam
1915 2221 2053 2275 primo

120 2277 160 2319 ἃ·
183 2279 353 2332 proprie
377 2279 655 2333 intelligimus
684 2279 932 2321 facultatem
965 2280 1128 2321 animae
1153 2280 1372 2321 rationalis
1399 2280 1440 2320 in
1458 2279 1641 2329 homine,
1660 2282 1743 2332 qua
1763 2279 2053 2333 intelligibilia

116 2337 394 2390 apprehendit
413 2338 442 2379 Sc
460 2337 677 2390 dijudicat;
697 2339 746 2379 de
769 2342 850 2392 qua
867 2338 1038 2393 Physici
1055 2338 1229 2380 inlibris
1243 2339 1291 2379 de
1305 2338 1457 2379 anima.
1478 2338 1665 2379 Sccemdo
1678 2353 1751 2391 per
1762 2337 2052 2391 metaphoram

115 2395 438 2450 metonymicam
456 2396 584 2437 etiam
607 2397 804 2437 denotare
821 2400 959 2450 potest
976 2397 1118 2438 lumen
1136 2397 1387 2452 cognitionis
1409 2396 1627 2437 naturalis.
1653 2395 1785 2444 Quale
1808 2396 1960 2449 duplex
1976 2398 2051 2446 est,

114 2467 251 2496 ἰιηιιφη
280 2454 468 2505 assstum,
488 2455 742 2496 extrinsecus
761 2455 983 2509 objectum,
1002 2471 1075 2496 seu
1093 2459 1327 2506 externum,
1351 2456 1460 2509 quod
1478 2454 1660 2495 exterius
1678 2454 1838 2495 homini
1856 2454 2052 2508 proponi-
2094 2500 2096 2502 ,

116 2515 185 2553 tur
201 2514 231 2554 81
247 2512 421 2553 offertur
438 2527 512 2566 per
533 2513 838 2566 providentiam
855 2513 935 2555 Dei
952 2514 1175 2555 moralem:
1195 2514 1354 2568 Estque
1365 2514 1470 2554 nihil
1483 2513 1597 2553 aliud
1609 2527 1736 2566 quam
1745 2513 1852 2553 liber
1863 2516 2054 2563 naturae,

117 2571 146 2612 &
172 2571 322 2619 media,
352 2571 618 2622 adminicula,
648 2574 773 2625 atque
791 2572 1025 2614 occasiones
1043 2573 1086 2613 in
1109 2573 1186 2614 hoc
1203 2573 1395 2614 universo
1413 2571 1680 2625 suppeditata
1697 2571 1749 2612 ad
1772 2571 1891 2626 [pag.
1917 2571 1963 2626 2]
1986 2585 2053 2612 co-

117 2629 351 2683 gnitionem
374 2630 403 2671 St
430 2630 792 2671 ratiocinationem
822 2631 1072 2682 naturalem‚
1101 2646 1207 2685 quae
1235 2631 1339 2672 citra
1370 2630 1668 2671 revelationem
1693 2630 2053 2683 supernaturalem

116 2687 346 2742 peragitur.
364 2688 551 2730 Alterum
569 2691 632 2729 est
648 2689 821 2729 insitum
839 2704 911 2730 seu
928 2689 1154 2741 internum,
1173 2690 1281 2743 quod
1299 2690 1412 2729 intus
1430 2688 1589 2729 inditur
1607 2690 1636 2730 &
1653 2688 1942 2729 introducitur.
1963 2686 2053 2728 Hoc

118 2760 281 2786 rursum
313 2745 466 2800 duplex
493 2750 556 2788 est
586 2748 647 2788 vel
673 2747 925 2800 impressum
952 2748 1145 2789 omnibus
1172 2748 1412 2788 hominibus
1441 2747 1493 2787 ab
1517 2747 1607 2800 ipso
1625 2749 1733 2797 ortu,
1751 2746 1926 2788 &habet
1943 2760 1985 2786 se
2002 2746 2054 2786 ad

1885 2805 2053 2845 moduni

172 2895 198 2937 l)
223 2896 319 2937 Resp.
344 2896 454 2928 LUCA
480 2895 753 2928 COUTERELIO
779 2896 861 2937 Hag.
886 2896 1010 2928 comit.
1035 2897 1156 2930 Batav.
1182 2896 1234 2928 47.
1259 2896 1353 2927 Febr.
1378 2894 1482 2927 1030.
