2399 3084
323 109 406 151 256
541 107 680 149 DIsP.
714 106 788 148 IX.
821 106 893 147 DE
925 105 1080 147 STATU
1111 102 1426 146 Enncronun
1458 119 1585 146 ANTE
1618 103 2042 146 ConvnRsIoNEM.

323 232 474 274 solutio
513 229 723 284 sequentis
756 228 1042 283 problematis.
1076 227 1150 270 IX.
1188 228 1324 270 Probl.
1360 227 1426 268 An
1460 227 1644 269 infantes
1679 227 1801 268 electi
1834 228 1863 269 81
1889 225 2093 267 foederati
2111 226 2154 266 in
2172 226 2263 279 ipso

325 291 546 344 baptismo,
580 291 652 328 aut
684 302 767 328 una
784 302 879 328 cum
897 301 944 328 eo
967 287 1152 327 habeant
1169 287 1377 327 actualem
1394 287 1531 327 fidem.
1568 287 1685 340 Resp.
1704 286 1785 341 Aff.
1809 285 2014 334 nonnulli,
2037 284 2066 325 81
2084 284 2164 325 hac
2180 284 2260 339 hy-

324 348 489 402 pothesi
520 361 688 388 causam
719 345 1075 399 paedo-baptismi
1109 345 1355 385 suffulciunt
1388 347 1534 385 contra
1566 343 1884 397 Anabaptistas.
1922 342 2184 383 Nominatim
2214 357 2265 383 ex

325 406 512 460 professo
544 405 622 445 hoc
659 406 792 458 agunt
828 403 1035 457 Theologi
1071 402 1347 457 Augustanae
1380 402 1565 444 Confess.
1591 402 1661 456 qui
1681 402 1874 443 omnibus
1897 400 2122 441 foederatis
2140 401 2264 441 fidem

325 464 579 513 adscribunt,
597 465 644 502 ut
661 462 800 503 videre
838 464 900 503 est
918 462 1027 515 apud
1050 462 1202 502 Lucam
1239 461 1496 502 Osiamlrmn
1515 462 1571 515 fil.
1591 461 1636 501 in
1657 460 1854 501 enchirid.
1873 467 2050 500 controv.
2069 459 2265 513 Anabap-

326 523 442 564 [istic.
459 535 545 576 cap.
563 522 602 562 2.
620 525 773 575 quaest.
811 519 954 561 ].N0s
976 521 1071 571 Nec).
1110 520 1145 560 1.
1179 518 1287 567 Quia
1303 520 1405 560 fides
1424 521 1486 560 est
1509 534 1558 560 ex
1581 519 1727 559 auditu
1750 518 1866 559 verbi
1884 519 1922 558 2.
1941 517 2174 559 Exercetur
2190 532 2266 571 per

325 584 464 622 actum
496 580 735 620 intellectus
767 577 999 619 rationalis.
1019 579 1057 617 53.
1077 577 1157 618 Per
1174 577 1480 618 confessionem
1499 592 1540 618 se
1560 577 1726 618 exserit.
1749 577 1865 618 Rom..
1889 576 1954 617 10.
1981 576 2020 617 4.
2041 575 2174 629 Atqui
2191 590 2266 617 nec

327 654 537 688 sensuum,
574 652 649 678 nec
680 637 848 684 inentis,
866 651 941 677 nec
963 636 1165 677 sermonis
1185 650 1283 676 usus
1301 636 1412 676 cadit
1431 636 1472 676 in
1490 635 1673 676 infantes
1693 635 1814 675 modo
1832 636 1964 674 natos.
2001 633 2267 688 Argumenta

327 700 355 740 81
373 697 635 750 exceptiones
659 694 853 736 Osiandri
870 695 913 735 in
930 695 1022 748 ipsa
1041 694 1324 747 disputatione
1348 695 1569 735 solvemus.
1598 693 1636 733 X
1658 693 1796 736 Probl.
1816 692 1882 733 An
1906 691 2090 733 infantes
2107 693 2269 746 possint

327 756 407 797 dici
426 755 633 796 habituali
651 754 730 794 fide
748 753 928 807 praediti
943 768 950 801 ;
971 754 999 795 81
1017 753 1126 806 quod
1144 752 1247 793 haec
1265 751 1512 793 infundatur
1530 752 1614 792 illis
1632 766 1706 805 per
1726 752 1843 807 [pag.
1864 750 1971 805 414]
1995 751 2265 804 baptismum:

328 818 375 855 ut
395 815 536 855 volunt
556 813 776 868 Pontificit',
795 812 841 852 in
860 810 1010 854 Conon.
1037 811 1215 852 Trident.
1240 825 1334 852 sess.
1355 811 1392 850 6.
1417 826 1447 852 e.
1470 811 1505 851 7.
1526 812 1554 853 81
1571 811 1626 852 ad
1651 811 1864 851 Thomam.
1882 823 1924 863 p.
1946 810 1983 849 3.
2007 823 2075 864 qa.
2101 810 2169 851 60.
2190 817 2270 850 art.

329 875 367 913 «3.
404 872 646 914 Bellarmin.
680 871 728 912 de
762 870 976 924 Baptismo
1007 883 1094 924 cap.
1137 870 1204 910 ll.
1241 871 1358 923 Hesp.
1401 870 1527 911 Prius
1559 869 1795 909 membrum
1820 883 1902 908 non
1919 867 2001 908 nisi
2024 866 2273 915 ἁκυρσλόγως

329 931 492 972 dicitur.
527 929 679 971 Confer
715 929 820 982 disp.
844 929 893 970 de
910 929 1238 982 Reqeneracione.
1273 928 1484 970 Posterius
1507 928 1698 968 absolute
1719 928 1814 981 Ney.
1840 925 1946 966 Vide
1970 926 2269 981 Amaqovniscas

331 989 574 1031 Bellarmin.
596 987 737 1030 probb.
757 986 830 1027 XI.
853 986 915 1027 An
936 987 1037 1027 fides
1056 987 1232 1027 actualis
1251 986 1302 1026 iis
1319 986 1556 1035 tribuenda,
1575 986 1730 1039 partim
1748 985 1847 1038 quia
1865 987 1956 1025 actu
1980 985 2154 1026 credunt
2173 986 2272 1025 dum

329 1048 615 1102 baptizantur3
649 1046 739 1099 ipsa
773 1045 883 1086 enim
916 1045 1023 1085 actio
1056 1045 1130 1085 illa
1163 1047 1225 1085 est
1257 1044 1354 1085 fidei
1371 1044 1597 1098 professio:
1615 1044 1769 1098 partim
1794 1042 1891 1096 quia
1914 1046 2109 1096 parentes
2128 1058 2271 1084 eorum

331 1107 523 1154 credunt;
543 1105 572 1146 81
588 1105 692 1145 haec
711 1104 811 1144 fides
829 1104 884 1144 sit
901 1103 1117 1157 dispositio
1135 1103 1311 1144 actualis
1330 1104 1381 1144 ad
1397 1103 1656 1157 baptismum
1675 1101 1891 1156 requisita,
1910 1116 2085 1155 eamque
2105 1117 2273 1155 praece-

332 1166 445 1205 dens.
480 1165 597 1218 Resp.
632 1162 700 1203 Sic
734 1162 882 1203 statuit
913 1163 1111 1203 Bellarm.
1137 1163 1207 1204 loc.
1227 1162 1290 1202 eit.
1324 1161 1405 1202 Sed
1427 1176 1567 1202 merae
1591 1164 1687 1202 sunt
1705 1159 1964 1208 ἂκυρελσγίκι.
2001 1159 2096 1201 XII.
2132 1161 2274 1203 Proba.

332 1223 398 1264 An
430 1237 531 1277 ergo
548 1221 746 1262 nativitas
770 1221 812 1261 in
830 1221 1018 1262 Ecclesia
1041 1235 1114 1261 seu
1131 1235 1181 1261 ex
1202 1220 1441 1270 foederatis,
1466 1222 1538 1260 aut
1556 1222 1777 1274 parentum
1798 1219 1900 1260 fides
1918 1221 1947 1261 81
1965 1218 2184 1272 professio,
2203 1222 2277 1260 aut

331 1281 582 1336 baptismus,
607 1282 679 1320 aut
697 1279 962 1330 exorcismus,
986 1281 1060 1319 aut
1077 1294 1219 1333 preces
1237 1279 1435 1320 ecclesiae
1452 1294 1526 1332 pro
1544 1279 1796 1332 baptizando
1815 1278 1899 1318 sint
1916 1292 2041 1318 causa
2058 1277 2143 1318 sive
2164 1278 2275 1331 prin·

333 1340 479 1394 cipalis
513 1339 600 1380 sive
623 1338 972 1388 instrumentalis,
1008 1340 1080 1378 aut
1097 1338 1246 1378 saltem
1270 1338 1517 1378 antecedens
1535 1337 1830 1387 necessarium,
1853 1351 1925 1377 seu
1943 1351 2068 1377 causa
2085 1336 2174 1377 sine
2193 1339 2276 1390 qua

333 1414 428 1450 nou,
462 1398 651 1438 internae
685 1396 1015 1451 regenerationis
1053 1398 1082 1438 81
1115 1396 1469 1444 sanctificationis,
1511 1398 1540 1437 ἃ
1572 1396 1630 1436 sic
1662 1395 1786 1449 primi
1804 1395 2000 1436 introitus
2018 1395 2061 1435 in
2083 1395 2275 1437 foedus&

335 1457 565 1499 ecclesiam.
587 1457 704 1510 Hesp.
725 1456 820 1510 Neq.
839 1454 951 1495 Nam
977 1455 1117 1496 l'rimo
1134 1454 1346 1495 Professio
1364 1457 1586 1508 parentum
1606 1456 1633 1496 81
1651 1454 1848 1495 nativitas
1866 1453 1909 1493 in
1927 1453 2091 1494 foedere
2108 1453 2276 1507 proprie

335 1519 397 1557 est
430 1515 711 1556 concomitans
735 1528 807 1554 seu
830 1528 1062 1554 connexum
1086 1513 1187 1567 quid
1210 1513 1345 1554 sinon
1367 1528 1622 1567 consequens
1647 1513 1790 1553 ordine
1807 1515 2005 1561 naturae;
2026 1513 2136 1566 quod
2152 1512 2273 1553 nobis

335 1578 398 1616 est
434 1588 587 1628 purum
626 1575 775 1626 putum
792 1572 961 1626 signum
980 1572 1181 1622 indicans,
1200 1572 1372 1625 quinam
1390 1575 1593 1626 tanquam
1611 1571 1757 1621 sancti,
1776 1572 1805 1613 81
1822 1571 2026 1612 foederati
2046 1572 2097 1611 ad
2114 1571 2275 1625 baptis-

334 1648 451 1674 mum
483 1632 538 1673 sit
574 1631 835 1672 admittendi.
870 1630 1084 1679 Quomodo
1112 1630 1317 1671 confessio
1336 1630 1432 1671 fidei
1450 1630 1494 1671 in
1516 1630 1670 1671 adultis
1687 1630 1804 1671 nullo
1821 1630 1942 1670 modo
1966 1632 2029 1670 est
2046 1644 2183 1680 causa,
2203 1632 2276 1670 aut

336 1691 618 1743 necessarium
637 1690 884 1730 antecedens
904 1689 1064 1742 primae
1082 1689 1413 1743 ingenerationis
1433 1689 1551 1736 fidei3
1572 1689 1642 1730 sed
1660 1691 1723 1729 est
1739 1688 1929 1729 internae
1948 1688 2043 1729 fidei
2059 1691 2278 1729 externum

337 1750 632 1799 concomitans,
660 1763 733 1788 seu
746 1762 1015 1801 consequens,
1033 1747 1162 1787 immo
1181 1749 1210 1789 81
1227 1747 1434 1802 genuinus
1453 1748 1624 1788 effectus
1644 1747 1867 1802 (siquidem
1884 1746 1995 1787 absit
2011 1746 2276 1802 hypocrisis),

337 1825 386 1850 ex
419 1823 500 1862 quo
537 1822 611 1848 nos
640 1809 843 1860 tanquam
881 1806 1002 1860 signo
1028 1808 1052 1846 a
1068 1805 1289 1859 posteriori
1308 1806 1546 1860 colligimus
1566 1820 1654 1846 esse
1676 1805 1736 1846 ibi
1758 1805 1881 1846 fidem
1903 1806 1931 1847 81
1949 1805 2275 1848 conversionem.

337 1867 536 1916 Secundo,
553 1865 804 1919 baptismus,
822 1866 869 1904 ut
890 1864 920 1905 81
937 1864 1020 1904 alia
1038 1867 1313 1914 sacramenta,
1337 1879 1419 1904 non
1438 1867 1535 1905 sunt
1557 1879 1681 1905 causa
1700 1864 1888 1919 (moralis
1912 1864 1999 1904 scil.
2023 1863 2277 1904 instrumen-

338 1926 453 1979 talis)
486 1924 611 1974 initii,
631 1924 700 1964 sed
719 1923 1044 1964 continuationis
1068 1924 1096 1964 81
1115 1922 1362 1963 incrementi
1382 1922 1548 1964 divinae
1565 1922 1728 1977 gratiae
1745 1922 1789 1962 in
1811 1922 1954 1971 nobis;
1984 1937 2066 1962 non
2084 1922 2280 1963 adferunt

340 1985 518 2038 primam
551 1982 746 2036 gratiam,
766 1982 837 2021 sed
855 1995 947 2022 eam
970 1981 1190 2021 inveniunt
1213 1986 1285 2021 aut
1304 1983 1670 2035 praesupponunt:
1706 1983 1751 2021 ut
1774 1996 1823 2021 ex
1842 1980 2028 2034 professo
2048 1981 2218 2021 docetur
2235 1981 2278 2021 in

339 2041 630 2084 Controversia
667 2041 716 2080 de
749 2040 940 2097 Efficacia
973 2040 1350 2081 Sacramentormn.
1386 2038 1562 2080 Interim
1580 2039 1763 2080 rationes
1781 2039 2119 2080 dissentientium
2137 2039 2278 2092 requi—

341 2104 436 2142 rant
468 2099 642 2141 studiosi
675 2099 783 2152 apud
812 2099 1056 2139 Bellarmin.
1076 2100 1158 2139 Ioco
1176 2099 1238 2139 cit.
1259 2098 1350 2138 coll.
1375 2098 1505 2151 ipsius
1532 2097 1846 2151 Antagonistis3
1871 2098 1981 2151 apud
2002 2097 2279 2139 Chemm'o'um.

342 2161 384 2201 in
409 2161 553 2201 Eoeam.
576 2159 694 2199 Cone.
719 2157 832 2198 Trica.
848 2165 957 2210 part.
977 2158 1016 2198 ⁶2.
1040 2157 1095 2198 ad
1113 2170 1206 2197 sess.
1229 2157 1266 2197 7.
1286 2170 1375 2197 ecm.
1399 2157 1462 2196 12.
1483 2156 1744 2198 ΕεΙιτΙιανιίιωη
1767 2156 1914 2197 Fascio.
1935 2170 2023 2210 cap.
2045 2156 2110 2196 10.
2125 2170 2194 2211 qu.
2212 2157 2277 2196 10.

346 2220 410 2259 12.
433 2219 498 2258 13.
533 2216 643 2257 Hinc
661 2218 778 2269 patet
795 2215 1010 2269 responsio
1029 2216 1080 2255 ad
1098 2229 1275 2268 sequens
1295 2215 1524 2268 problema.
1557 2213 1675 2255 XIII.
1712 2214 1849 2256 Probc.
1883 2213 1952 2254 An
1974 2214 2114 2255 infans
2133 2229 2181 2255 ex
2205 2229 2279 2268 pa-

342 2277 531 2317 rentibus
563 2274 802 2324 foederatis,
842 2276 914 2314 aut
932 2274 1064 2314 altero
1081 2274 1232 2313 saltem
1254 2276 1377 2313 natus
1393 2288 1401 2321 ;
1420 2273 1491 2313 sed
1508 2275 1604 2313 ante
1628 2273 1885 2326 baptismum
1901 2275 1925 2313 a
1947 2272 2093 2313 Turcis
2112 2276 2185 2313 aut
2201 2272 2229 2314 J
2233 2289 2279 2314 11-

345 2335 457 2376 daeis
484 2334 687 2374 abductus
707 2334 735 2374 &
758 2332 1049 2380 circumcisus,
1071 2332 1277 2385 siquidem
1296 2332 1432 2372 denuo
1451 2331 1493 2371 in
1512 2333 1763 2385 potestatem
1787 2331 2123 2372 Christianorum
2143 2331 2283 2372 veniat

345 2395 396 2434 ab
429 2393 481 2433 iis
503 2396 705 2445 tanquam
738 2390 977 2431 foederatus
1006 2390 1061 2430 sit
1078 2390 1353 2443 baptizandus
1375 2390 1489 2443 Hesp.
1512 2390 1594 2445 Aff.
1615 2389 1820 2443 siquidem
1845 2392 2012 2430 tantum
2034 2404 2116 2430 non
2143 2389 2282 2430 adole-

345 2452 465 2502 verit,
498 2454 544 2491 ut
581 2450 767 2503 aliquam
799 2449 998 2502 perfidiae
1031 2448 1053 2489 ,1
1062 2448 1231 2488 udaicae
1249 2450 1322 2488 aut
1340 2447 1539 2489 Turcicae
1558 2448 1860 2501 professionem
1877 2448 1966 2501 ipse
1993 2447 2234 2501 susceperit,
2255 2448 2283 2489 &

347 2510 534 2551 ediderit.
568 2507 617 2548 In
647 2508 722 2548 tali
744 2507 851 2547 enim
872 2521 967 2547 casu
986 2509 1184 2560 putamus
1203 2521 1299 2547 eum
1316 2506 1432 2560 prius
1451 2506 1755 2557 instruendum,
1785 2508 1830 2546 ut
1849 2507 2009 2560 ejurata
2027 2505 2136 2546 dicta
2157 2506 2282 2559 perfi-

348 2569 428 2618 dia,
463 2567 558 2607 fidei
591 2565 856 2606 Christianae
894 2565 1198 2618 professionem
1231 2565 1341 2605 edat.
1374 2563 1489 2605 XIV.
1526 2564 1664 2606 Probe.
1699 2564 1766 2605 An
1800 2564 1939 2605 infans
1962 2578 2011 2604 ex
2037 2564 2283 2617 parentibus

349 2624 680 2678 Anabaptisticis
712 2626 850 2673 natus,
884 2625 913 2665 81
941 2623 980 2663 in
1025 2623 1206 2663 infantia
1238 2637 1319 2663 non
1342 2623 1594 2675 baptizatus,
1623 2623 1824 2676 siquiden]
1845 2622 2020 2663 mortuis
2038 2622 2283 2675 parentibus

349 2684 586 2724 orthodoxis
604 2682 689 2722 sive
706 2682 871 2735 agnatis
890 2682 976 2722 sive
994 2681 1204 2721 tutoribus
1227 2681 1462 2721 educandus
1480 2681 1754 2735 suscipiatur;
1777 2681 1993 2721 habendus
2018 2680 2072 2720 sit
2089 2695 2170 2720 non
2188 2679 2283 2720 foe-

350 2743 516 2782 deratus
552 2742 580 2781 81
612 2740 877 2793 irregenitus,
918 2741 947 2781 81
976 2741 1276 2792 consequenter
1295 2739 1335 2778 in
1354 2739 1535 2779 infantia
1552 2754 1632 2779 11011
1657 2739 1712 2779 sit
1733 2738 2006 2792 baptizandus
2026 2740 2044 2780 P
2064 2739 2182 2792 Resp.
2206 2738 2282 2781 Pr.

350 2801 532 2844 ‘eudimus
565 2798 808 2852 as'fi'rmarc;
845 2797 1045 2849 quidquid
1079 2798 1133 2837 sit
1156 2798 1203 2837 de
1224 2797 1341 2852 [pag.
1362 2797 1468 2851 415]
1492 2797 1878 2838 fundamentalibus
1898 2810 2039 2837 eorum
2059 2796 2282 2837 erroribus.

2130 2854 2286 2903 Quam-
