<?xml version="1.0" encoding="UTF-8"?>
<!DOCTYPE html PUBLIC "-//W3C//DTD XHTML 1.0 Transitional//EN"
    "http://www.w3.org/TR/xhtml1/DTD/xhtml1-transitional.dtd">
<html xmlns="http://www.w3.org/1999/xhtml" xml:lang="en" lang="en">
 <head>
  <title>
</title>
<meta http-equiv="Content-Type" content="text/html;charset=utf-8" />
  <meta name='ocr-system' content='tesseract 3.04.00' />
  <meta name='ocr-capabilities' content='ocr_page ocr_carea ocr_par ocr_line ocrx_word'/>
</head>
<body>
  <div class='ocr_page' id='page_1' title='image "./gysbertivoetiise00voet/gysbertivoetiise00voet_0393.png"; bbox 0 0 2399 3084; ppageno 0'>
   <div class='ocr_carea' id='block_1_1' title="bbox 610 119 2098 165">
    <p class='ocr_par' dir='ltr' id='par_1_1' title="bbox 610 119 2098 165">
     <span class='ocr_line' id='line_1_1' title="bbox 610 119 2098 165; baseline 0.001 -3"><span class='ocrx_word' id='word_1_1' title='bbox 610 121 765 163; x_wconf 77' lang='lat' dir='ltr'>D1sp.</span> <span class='ocrx_word' id='word_1_2' title='bbox 800 119 1003 163; x_wconf 80' lang='lat' dir='ltr'>XII.D1‹:</span> <span class='ocrx_word' id='word_1_3' title='bbox 1036 120 1184 162; x_wconf 67' lang='lat' dir='ltr'>Leon</span> <span class='ocrx_word' id='word_1_4' title='bbox 1218 135 1277 162; x_wconf 71' lang='grc'>111·</span> <span class='ocrx_word' id='word_1_5' title='bbox 1309 121 1666 164; x_wconf 77' lang='lat' dir='ltr'>EUANGELIO.</span> <span class='ocrx_word' id='word_1_6' title='bbox 2014 123 2098 165; x_wconf 81' lang='lat'>365</span> 
     </span>
    </p>
   </div>
   <div class='ocr_carea' id='block_1_2' title="bbox 161 243 2110 2913">
    <p class='ocr_par' dir='ltr' id='par_1_2' title="bbox 161 243 2100 474">
     <span class='ocr_line' id='line_1_2' title="bbox 161 243 2100 312; baseline -0.002 -24"><span class='ocrx_word' id='word_1_7' title='bbox 161 245 250 312; x_wconf 79' lang='lat' dir='ltr'>jam</span> <span class='ocrx_word' id='word_1_8' title='bbox 268 245 321 288; x_wconf 89' lang='lat' dir='ltr'>ab</span> <span class='ocrx_word' id='word_1_9' title='bbox 338 245 457 286; x_wconf 89' lang='lat' dir='ltr'>annis</span> <span class='ocrx_word' id='word_1_10' title='bbox 475 243 636 299; x_wconf 87' lang='lat' dir='ltr'>aliquot</span> <span class='ocrx_word' id='word_1_11' title='bbox 654 244 944 300; x_wconf 88' lang='lat' dir='ltr'>frequentata:</span> <span class='ocrx_word' id='word_1_12' title='bbox 964 245 1026 286; x_wconf 87' lang='lat' dir='ltr'>uti</span> <span class='ocrx_word' id='word_1_13' title='bbox 1049 248 1224 299; x_wconf 78' lang='lat' dir='ltr'>apparet</span> <span class='ocrx_word' id='word_1_14' title='bbox 1241 259 1287 286; x_wconf 88' lang='lat' dir='ltr'>ex</span> <span class='ocrx_word' id='word_1_15' title='bbox 1307 246 1370 285; x_wconf 89' lang='lat' dir='ltr'>tot</span> <span class='ocrx_word' id='word_1_16' title='bbox 1387 247 1504 285; x_wconf 84' lang='lat' dir='ltr'>tract·</span> <span class='ocrx_word' id='word_1_17' title='bbox 1499 245 1637 286; x_wconf 69' lang='lat' dir='ltr'>itibus</span> <span class='ocrx_word' id='word_1_18' title='bbox 1664 260 1772 286; x_wconf 89' lang='lat' dir='ltr'>nunc</span> <span class='ocrx_word' id='word_1_19' title='bbox 1795 243 1959 299; x_wconf 79' lang='lat' dir='ltr'>publice</span> <span class='ocrx_word' id='word_1_20' title='bbox 1978 245 2100 286; x_wconf 88' lang='lat' dir='ltr'>editis</span> 
     </span>
     <span class='ocr_line' id='line_1_3' title="bbox 165 303 2100 358; baseline -0.001 -12"><span class='ocrx_word' id='word_1_21' title='bbox 165 304 237 358; x_wconf 88' lang='lat' dir='ltr'>qui</span> <span class='ocrx_word' id='word_1_22' title='bbox 271 306 394 346; x_wconf 89' lang='lat' dir='ltr'>antea</span> <span class='ocrx_word' id='word_1_23' title='bbox 426 317 500 357; x_wconf 79' lang='lat' dir='ltr'>pio</span> <span class='ocrx_word' id='word_1_24' title='bbox 533 303 726 345; x_wconf 80' lang='lat' dir='ltr'>concione</span> <span class='ocrx_word' id='word_1_25' title='bbox 760 303 963 357; x_wconf 87' lang='lat' dir='ltr'>propositi</span> <span class='ocrx_word' id='word_1_26' title='bbox 995 306 1126 344; x_wconf 76' lang='lat' dir='ltr'>erant.</span> <span class='ocrx_word' id='word_1_27' title='bbox 1162 305 1201 344; x_wconf 66' lang='lat'>‘.3</span> <span class='ocrx_word' id='word_1_28' title='bbox 1245 304 1307 344; x_wconf 82' lang='lat' dir='ltr'>Vel</span> <span class='ocrx_word' id='word_1_29' title='bbox 1340 303 1428 344; x_wconf 90' lang='lat' dir='ltr'>sine</span> <span class='ocrx_word' id='word_1_30' title='bbox 1447 305 1558 344; x_wconf 83' lang='lat' dir='ltr'>certo</span> <span class='ocrx_word' id='word_1_31' title='bbox 1577 306 1693 344; x_wconf 89' lang='lat' dir='ltr'>textu</span> <span class='ocrx_word' id='word_1_32' title='bbox 1712 304 1944 357; x_wconf 84' lang='lat' dir='ltr'>praelecto:</span> <span class='ocrx_word' id='word_1_33' title='bbox 1965 303 2100 356; x_wconf 86' lang='lat' dir='ltr'>qualis</span> 
     </span>
     <span class='ocr_line' id='line_1_4' title="bbox 165 361 2100 416; baseline -0.001 -12"><span class='ocrx_word' id='word_1_34' title='bbox 165 362 384 404; x_wconf 87' lang='lat' dir='ltr'>methodus</span> <span class='ocrx_word' id='word_1_35' title='bbox 417 363 552 403; x_wconf 88' lang='lat' dir='ltr'>elucet</span> <span class='ocrx_word' id='word_1_36' title='bbox 588 362 630 402; x_wconf 93' lang='lat' dir='ltr'>in</span> <span class='ocrx_word' id='word_1_37' title='bbox 664 362 790 403; x_wconf 78' lang='lat' dir='ltr'>valiis</span> <span class='ocrx_word' id='word_1_38' title='bbox 822 361 1007 403; x_wconf 82' lang='lat' dir='ltr'>homiliis</span> <span class='ocrx_word' id='word_1_39' title='bbox 1031 362 1299 415; x_wconf 88' lang='lat' dir='ltr'>antiquorum</span> <span class='ocrx_word' id='word_1_40' title='bbox 1321 361 1509 411; x_wconf 86' lang='lat' dir='ltr'>Patrum,</span> <span class='ocrx_word' id='word_1_41' title='bbox 1530 364 1576 402; x_wconf 94' lang='lat' dir='ltr'>ut</span> <span class='ocrx_word' id='word_1_42' title='bbox 1593 362 1641 403; x_wconf 86' lang='lat' dir='ltr'>de</span> <span class='ocrx_word' id='word_1_43' title='bbox 1659 362 1717 402; x_wconf 74' lang='grc'>111</span> <span class='ocrx_word' id='word_1_44' title='bbox 1707 376 1803 413; x_wconf 86' lang='grc'>010</span> <span class='ocrx_word' id='word_1_45' title='bbox 1823 363 2100 416; x_wconf 81' lang='lat' dir='ltr'>eleemosyn·,</span> <span class='ocrx_word' id='word_1_46' title='bbox 2063 378 2086 402; x_wconf 84' lang='grc'>1</span> 
     </span>
     <span class='ocr_line' id='line_1_5' title="bbox 165 420 1052 474; baseline -0.001 -12"><span class='ocrx_word' id='word_1_47' title='bbox 165 421 382 462; x_wconf 85' lang='lat' dir='ltr'>ebrietate.</span> <span class='ocrx_word' id='word_1_48' title='bbox 401 420 673 471; x_wconf 70' lang='lat' dir='ltr'>mortalitate,</span> <span class='ocrx_word' id='word_1_49' title='bbox 692 420 836 474; x_wconf 80' lang='lat' dir='ltr'>lapsis,</span> <span class='ocrx_word' id='word_1_50' title='bbox 855 434 969 473; x_wconf 89' lang='lat' dir='ltr'>pace,</span> <span class='ocrx_word' id='word_1_51' title='bbox 988 420 1052 461; x_wconf 80' lang='grc'>810.</span> 
     </span>
    </p>

    <p class='ocr_par' dir='ltr' id='par_1_3' title="bbox 165 477 2101 591">
     <span class='ocr_line' id='line_1_6' title="bbox 223 477 2101 533; baseline 0 -13"><span class='ocrx_word' id='word_1_52' title='bbox 223 478 279 520; x_wconf 92' lang='grc' dir='ltr'>ΙΙ.</span> <span class='ocrx_word' id='word_1_53' title='bbox 313 478 571 520; x_wconf 78' lang='lat' dir='ltr'>praedicatio</span> <span class='ocrx_word' id='word_1_54' title='bbox 607 477 730 533; x_wconf 82' lang='lat' dir='ltr'>Legis</span> <span class='ocrx_word' id='word_1_55' title='bbox 749 480 777 520; x_wconf 85' lang='grc'>81</span> <span class='ocrx_word' id='word_1_56' title='bbox 794 477 1021 532; x_wconf 82' lang='lat' dir='ltr'>Euangelii</span> <span class='ocrx_word' id='word_1_57' title='bbox 1042 480 1205 519; x_wconf 88' lang='lat' dir='ltr'>constat</span> <span class='ocrx_word' id='word_1_58' title='bbox 1222 480 1362 519; x_wconf 84' lang='lat' dir='ltr'>textus</span> <span class='ocrx_word' id='word_1_59' title='bbox 1380 478 1582 531; x_wconf 84' lang='lat' dir='ltr'>propositi</span> <span class='ocrx_word' id='word_1_60' title='bbox 1600 479 1892 533; x_wconf 77' lang='lat' dir='ltr'>explicatione,</span> <span class='ocrx_word' id='word_1_61' title='bbox 1917 478 2101 520; x_wconf 81' lang='lat' dir='ltr'>thesium</span> 
     </span>
     <span class='ocr_line' id='line_1_7' title="bbox 165 536 2101 591; baseline -0.001 -12"><span class='ocrx_word' id='word_1_62' title='bbox 165 553 237 579; x_wconf 90' lang='lat' dir='ltr'>seu</span> <span class='ocrx_word' id='word_1_63' title='bbox 251 538 533 579; x_wconf 79' lang='lat' dir='ltr'>doctrinarum</span> <span class='ocrx_word' id='word_1_64' title='bbox 550 537 637 577; x_wconf 89' lang='lat' dir='ltr'>illic</span> <span class='ocrx_word' id='word_1_65' title='bbox 654 538 944 578; x_wconf 83' lang='lat' dir='ltr'>contentarum</span> <span class='ocrx_word' id='word_1_66' title='bbox 962 536 1300 590; x_wconf 80' lang='lat' dir='ltr'>pertractatione,</span> <span class='ocrx_word' id='word_1_67' title='bbox 1321 551 1470 577; x_wconf 85' lang='lat' dir='ltr'>usuum</span> <span class='ocrx_word' id='word_1_68' title='bbox 1488 536 1738 579; x_wconf 88' lang='lat' dir='ltr'>indicatione</span> <span class='ocrx_word' id='word_1_69' title='bbox 1757 538 1784 579; x_wconf 85' lang='grc'>81</span> <span class='ocrx_word' id='word_1_70' title='bbox 1808 537 2101 591; x_wconf 78' lang='lat' dir='ltr'>applicatione.</span> 
     </span>
    </p>

    <p class='ocr_par' dir='ltr' id='par_1_4' title="bbox 165 594 2103 943">
     <span class='ocr_line' id='line_1_8' title="bbox 224 594 2102 650; baseline -0.001 -13"><span class='ocrx_word' id='word_1_71' title='bbox 224 595 300 638; x_wconf 87' lang='lat' dir='ltr'>III.</span> <span class='ocrx_word' id='word_1_72' title='bbox 335 595 596 637; x_wconf 73' lang='lat' dir='ltr'>Praedicatio</span> <span class='ocrx_word' id='word_1_73' title='bbox 628 595 752 650; x_wconf 81' lang='lat' dir='ltr'>Legis</span> <span class='ocrx_word' id='word_1_74' title='bbox 784 595 812 636; x_wconf 87' lang='grc'>81</span> <span class='ocrx_word' id='word_1_75' title='bbox 846 594 1072 649; x_wconf 85' lang='lat' dir='ltr'>Euangelii</span> <span class='ocrx_word' id='word_1_76' title='bbox 1105 597 1167 636; x_wconf 88' lang='lat' dir='ltr'>est</span> <span class='ocrx_word' id='word_1_77' title='bbox 1204 595 1269 636; x_wconf 93' lang='lat' dir='ltr'>vel</span> <span class='ocrx_word' id='word_1_78' title='bbox 1303 595 1464 645; x_wconf 80' lang='lat' dir='ltr'>mutila,</span> <span class='ocrx_word' id='word_1_79' title='bbox 1499 596 1696 646; x_wconf 85' lang='lat' dir='ltr'>cursoria,</span> <span class='ocrx_word' id='word_1_80' title='bbox 1735 596 1869 650; x_wconf 87' lang='lat' dir='ltr'>magis</span> <span class='ocrx_word' id='word_1_81' title='bbox 1893 595 2102 650; x_wconf 86' lang='lat' dir='ltr'>generalis</span> 
     </span>
     <span class='ocr_line' id='line_1_9' title="bbox 166 653 2102 718; baseline -0.001 -22"><span class='ocrx_word' id='word_1_82' title='bbox 166 657 291 709; x_wconf 85' lang='lat' dir='ltr'>atque</span> <span class='ocrx_word' id='word_1_83' title='bbox 315 655 547 696; x_wconf 85' lang='lat' dir='ltr'>abstracta:</span> <span class='ocrx_word' id='word_1_84' title='bbox 570 654 632 695; x_wconf 90' lang='lat' dir='ltr'>vel</span> <span class='ocrx_word' id='word_1_85' title='bbox 650 655 838 708; x_wconf 88' lang='lat' dir='ltr'>integra,</span> <span class='ocrx_word' id='word_1_86' title='bbox 859 656 1065 704; x_wconf 88' lang='lat' dir='ltr'>accurata,</span> <span class='ocrx_word' id='word_1_87' title='bbox 1085 653 1221 707; x_wconf 89' lang='lat' dir='ltr'>magis</span> <span class='ocrx_word' id='word_1_88' title='bbox 1238 653 1431 706; x_wconf 87' lang='lat' dir='ltr'>specialis</span> <span class='ocrx_word' id='word_1_89' title='bbox 1457 655 1582 718; x_wconf 81' lang='lat' dir='ltr'>atque</span> <span class='ocrx_word' id='word_1_90' title='bbox 1601 654 1746 694; x_wconf 82' lang='lat' dir='ltr'>intime</span> <span class='ocrx_word' id='word_1_91' title='bbox 1765 654 1987 707; x_wconf 88' lang='lat' dir='ltr'>applicata.</span> <span class='ocrx_word' id='word_1_92' title='bbox 2023 653 2102 695; x_wconf 85' lang='lat' dir='ltr'>His</span> 
     </span>
     <span class='ocr_line' id='line_1_10' title="bbox 165 711 2101 767; baseline 0 -13"><span class='ocrx_word' id='word_1_93' title='bbox 165 714 226 754; x_wconf 88' lang='lat' dir='ltr'>ita</span> <span class='ocrx_word' id='word_1_94' title='bbox 257 712 512 767; x_wconf 83' lang='lat' dir='ltr'>praemissis,</span> <span class='ocrx_word' id='word_1_95' title='bbox 548 712 774 766; x_wconf 83' lang='lat' dir='ltr'>probamus</span> <span class='ocrx_word' id='word_1_96' title='bbox 802 715 1039 753; x_wconf 70' lang='lat' dir='ltr'>accuratam</span> <span class='ocrx_word' id='word_1_97' title='bbox 1055 711 1406 766; x_wconf 87' lang='lat' dir='ltr'>praedicationem</span> <span class='ocrx_word' id='word_1_98' title='bbox 1424 711 1576 765; x_wconf 87' lang='lat' dir='ltr'>Legis</span> <span class='ocrx_word' id='word_1_99' title='bbox 1566 727 1609 753; x_wconf 88' lang='lat' dir='ltr'>m</span> <span class='ocrx_word' id='word_1_100' title='bbox 1626 713 1779 754; x_wconf 90' lang='lat' dir='ltr'>nostris</span> <span class='ocrx_word' id='word_1_101' title='bbox 1795 712 1995 754; x_wconf 87' lang='lat' dir='ltr'>Ecclesiis</span> <span class='ocrx_word' id='word_1_102' title='bbox 2014 726 2101 754; x_wconf 82' lang='lat' dir='ltr'>esse</span> 
     </span>
     <span class='ocr_line' id='line_1_11' title="bbox 165 770 2103 836; baseline -0.001 -24"><span class='ocrx_word' id='word_1_103' title='bbox 165 773 289 826; x_wconf 92' lang='lat' dir='ltr'>longe</span> <span class='ocrx_word' id='word_1_104' title='bbox 308 771 586 812; x_wconf 87' lang='lat' dir='ltr'>difficiliorem</span> <span class='ocrx_word' id='word_1_105' title='bbox 608 773 802 812; x_wconf 86' lang='lat' dir='ltr'>accurata</span> <span class='ocrx_word' id='word_1_106' title='bbox 823 771 1131 825; x_wconf 87' lang='lat' dir='ltr'>praedicatione</span> <span class='ocrx_word' id='word_1_107' title='bbox 1150 770 1398 824; x_wconf 87' lang='lat' dir='ltr'>Euangelii·</span> <span class='ocrx_word' id='word_1_108' title='bbox 1427 770 1550 823; x_wconf 90' lang='lat' dir='ltr'>idque</span> <span class='ocrx_word' id='word_1_109' title='bbox 1570 786 1614 811; x_wconf 86' lang='lat' dir='ltr'>cx</span> <span class='ocrx_word' id='word_1_110' title='bbox 1634 774 1752 824; x_wconf 88' lang='lat' dir='ltr'>parte</span> <span class='ocrx_word' id='word_1_111' title='bbox 1770 770 2103 836; x_wconf 82' lang='lat' dir='ltr'>praeparationis</span> 
     </span>
     <span class='ocr_line' id='line_1_12' title="bbox 166 828 2102 883; baseline -0.001 -12"><span class='ocrx_word' id='word_1_112' title='bbox 166 829 520 880; x_wconf 86' lang='lat' dir='ltr'>Praedicatorum,</span> <span class='ocrx_word' id='word_1_113' title='bbox 554 831 583 872; x_wconf 97' lang='grc'>81</span> <span class='ocrx_word' id='word_1_114' title='bbox 610 844 660 870; x_wconf 88' lang='lat' dir='ltr'>ex</span> <span class='ocrx_word' id='word_1_115' title='bbox 691 832 810 883; x_wconf 86' lang='lat' dir='ltr'>parte</span> <span class='ocrx_word' id='word_1_116' title='bbox 833 829 1081 882; x_wconf 73' lang='lat' dir='ltr'>receptionis</span> <span class='ocrx_word' id='word_1_117' title='bbox 1102 828 1383 869; x_wconf 85' lang='lat' dir='ltr'>Auditorum.</span> <span class='ocrx_word' id='word_1_118' title='bbox 1404 829 1575 870; x_wconf 85' lang='lat' dir='ltr'>docente</span> <span class='ocrx_word' id='word_1_119' title='bbox 1599 829 1642 870; x_wconf 91' lang='lat' dir='ltr'>id</span> <span class='ocrx_word' id='word_1_120' title='bbox 1659 829 1868 870; x_wconf 89' lang='lat' dir='ltr'>communi</span> <span class='ocrx_word' id='word_1_121' title='bbox 1885 829 2102 883; x_wconf 88' lang='lat' dir='ltr'>experien-</span> 
     </span>
     <span class='ocr_line' id='line_1_13' title="bbox 165 888 500 943; baseline -0.006 -13"><span class='ocrx_word' id='word_1_122' title='bbox 165 889 237 930; x_wconf 86' lang='lat' dir='ltr'>tia.</span> <span class='ocrx_word' id='word_1_123' title='bbox 272 888 390 943; x_wconf 88' lang='lat' dir='ltr'>[pag.</span> <span class='ocrx_word' id='word_1_124' title='bbox 424 888 500 943; x_wconf 81' lang='lat'>48]</span> 
     </span>
    </p>

    <p class='ocr_par' dir='ltr' id='par_1_5' title="bbox 166 945 2109 2871">
     <span class='ocr_line' id='line_1_14' title="bbox 225 945 2102 1001; baseline -0.001 -14"><span class='ocrx_word' id='word_1_125' title='bbox 225 946 290 988; x_wconf 78' lang='lat' dir='ltr'>Sit</span> <span class='ocrx_word' id='word_1_126' title='bbox 308 961 407 1001; x_wconf 90' lang='lat' dir='ltr'>ergo</span> <span class='ocrx_word' id='word_1_127' title='bbox 424 945 457 987; x_wconf 92' lang='lat' dir='ltr'>I.</span> <span class='ocrx_word' id='word_1_128' title='bbox 483 947 574 988; x_wconf 75' lang='lat' dir='ltr'>Hac.</span> <span class='ocrx_word' id='word_1_129' title='bbox 607 945 716 987; x_wconf 81' lang='lat' dir='ltr'>Illud</span> <span class='ocrx_word' id='word_1_130' title='bbox 735 949 797 988; x_wconf 90' lang='lat' dir='ltr'>est</span> <span class='ocrx_word' id='word_1_131' title='bbox 814 946 1042 996; x_wconf 87' lang='lat' dir='ltr'>difficilius,</span> <span class='ocrx_word' id='word_1_132' title='bbox 1076 947 1128 987; x_wconf 88' lang='lat' dir='ltr'>ad</span> <span class='ocrx_word' id='word_1_133' title='bbox 1149 947 1266 1000; x_wconf 88' lang='lat' dir='ltr'>cujus</span> <span class='ocrx_word' id='word_1_134' title='bbox 1285 946 1682 1001; x_wconf 87' lang='lat' dir='ltr'>dogmatizationem</span> <span class='ocrx_word' id='word_1_135' title='bbox 1704 946 1894 987; x_wconf 86' lang='lat' dir='ltr'>diffusior</span> <span class='ocrx_word' id='word_1_136' title='bbox 1910 945 2102 996; x_wconf 88' lang='lat' dir='ltr'>eruditio,</span> 
     </span>
     <span class='ocr_line' id='line_1_15' title="bbox 166 1004 2102 1059; baseline -0.001 -13"><span class='ocrx_word' id='word_1_137' title='bbox 166 1005 299 1059; x_wconf 87' lang='lat' dir='ltr'>major</span> <span class='ocrx_word' id='word_1_138' title='bbox 331 1007 572 1059; x_wconf 72' lang='lat' dir='ltr'>apparatus,</span> <span class='ocrx_word' id='word_1_139' title='bbox 605 1005 853 1046; x_wconf 86' lang='lat' dir='ltr'>laboriosior</span> <span class='ocrx_word' id='word_1_140' title='bbox 874 1005 1156 1059; x_wconf 83' lang='lat' dir='ltr'>praeparatio,</span> <span class='ocrx_word' id='word_1_141' title='bbox 1178 1004 1364 1046; x_wconf 87' lang='lat' dir='ltr'>floridior</span> <span class='ocrx_word' id='word_1_142' title='bbox 1386 1006 1415 1047; x_wconf 90' lang='grc'>81</span> <span class='ocrx_word' id='word_1_143' title='bbox 1432 1005 1593 1059; x_wconf 90' lang='lat' dir='ltr'>gratior</span> <span class='ocrx_word' id='word_1_144' title='bbox 1611 1005 1851 1059; x_wconf 87' lang='lat' dir='ltr'>eloquentia</span> <span class='ocrx_word' id='word_1_145' title='bbox 1873 1019 1920 1046; x_wconf 87' lang='lat' dir='ltr'>ac</span> <span class='ocrx_word' id='word_1_146' title='bbox 1937 1004 2102 1049; x_wconf 73' lang='grc' dir='ltr'>δεινότης</span> 
     </span>
     <span class='ocr_line' id='line_1_16' title="bbox 167 1062 2103 1118; baseline -0.001 -13"><span class='ocrx_word' id='word_1_147' title='bbox 167 1064 210 1105; x_wconf 89' lang='grc'>111</span> <span class='ocrx_word' id='word_1_148' title='bbox 240 1063 533 1105; x_wconf 88' lang='lat' dir='ltr'>Praedicatore</span> <span class='ocrx_word' id='word_1_149' title='bbox 565 1064 805 1117; x_wconf 84' lang='lat' dir='ltr'>requiritur.</span> <span class='ocrx_word' id='word_1_150' title='bbox 841 1063 921 1105; x_wconf 82' lang='lat' dir='ltr'>Sed</span> <span class='ocrx_word' id='word_1_151' title='bbox 939 1064 989 1104; x_wconf 88' lang='lat' dir='ltr'>ad</span> <span class='ocrx_word' id='word_1_152' title='bbox 1009 1062 1406 1118; x_wconf 80' lang='lat' dir='ltr'>dogmatizationem</span> <span class='ocrx_word' id='word_1_153' title='bbox 1424 1063 1530 1118; x_wconf 90' lang='lat' dir='ltr'>legis</span> <span class='ocrx_word' id='word_1_154' title='bbox 1549 1063 1750 1114; x_wconf 87' lang='lat' dir='ltr'>diffusior,</span> <span class='ocrx_word' id='word_1_155' title='bbox 1774 1068 1838 1104; x_wconf 76' lang='grc'>810.</span> <span class='ocrx_word' id='word_1_156' title='bbox 1862 1063 2103 1117; x_wconf 77' lang='lat' dir='ltr'>requiritur,</span> 
     </span>
     <span class='ocr_line' id='line_1_17' title="bbox 167 1121 2105 1177; baseline -0.002 -14"><span class='ocrx_word' id='word_1_157' title='bbox 167 1121 294 1176; x_wconf 87' lang='lat' dir='ltr'>quam</span> <span class='ocrx_word' id='word_1_158' title='bbox 312 1122 363 1162; x_wconf 88' lang='lat' dir='ltr'>ad</span> <span class='ocrx_word' id='word_1_159' title='bbox 381 1122 776 1177; x_wconf 84' lang='lat' dir='ltr'>dogmatizationem</span> <span class='ocrx_word' id='word_1_160' title='bbox 793 1122 1032 1177; x_wconf 86' lang='lat' dir='ltr'>Euangelii.</span> <span class='ocrx_word' id='word_1_161' title='bbox 1066 1122 1329 1163; x_wconf 90' lang='lat' dir='ltr'>Antecedens</span> <span class='ocrx_word' id='word_1_162' title='bbox 1357 1122 1568 1175; x_wconf 89' lang='lat' dir='ltr'>probatur.</span> <span class='ocrx_word' id='word_1_163' title='bbox 1607 1122 1642 1163; x_wconf 89' lang='grc'>1.</span> <span class='ocrx_word' id='word_1_164' title='bbox 1683 1121 1789 1173; x_wconf 73' lang='lat' dir='ltr'>Quia</span> <span class='ocrx_word' id='word_1_165' title='bbox 1826 1122 1861 1162; x_wconf 92' lang='lat' dir='ltr'>si</span> <span class='ocrx_word' id='word_1_166' title='bbox 1893 1122 2105 1176; x_wconf 89' lang='lat' dir='ltr'>integrum</span> 
     </span>
     <span class='ocr_line' id='line_1_18' title="bbox 168 1179 2103 1234; baseline -0.001 -13"><span class='ocrx_word' id='word_1_167' title='bbox 168 1179 409 1234; x_wconf 83' lang='lat' dir='ltr'>Scripturae</span> <span class='ocrx_word' id='word_1_168' title='bbox 427 1195 575 1234; x_wconf 88' lang='lat' dir='ltr'>corpus</span> <span class='ocrx_word' id='word_1_169' title='bbox 593 1181 841 1231; x_wconf 85' lang='lat' dir='ltr'>consideres,</span> <span class='ocrx_word' id='word_1_170' title='bbox 859 1181 999 1234; x_wconf 90' lang='lat' dir='ltr'>plures</span> <span class='ocrx_word' id='word_1_171' title='bbox 1017 1181 1060 1221; x_wconf 86' lang='grc'>111</span> <span class='ocrx_word' id='word_1_172' title='bbox 1079 1195 1125 1221; x_wconf 92' lang='grc'>00</span> <span class='ocrx_word' id='word_1_173' title='bbox 1148 1183 1245 1221; x_wconf 88' lang='lat' dir='ltr'>sunt</span> <span class='ocrx_word' id='word_1_174' title='bbox 1266 1182 1421 1231; x_wconf 86' lang='lat' dir='ltr'>textus,</span> <span class='ocrx_word' id='word_1_175' title='bbox 1440 1181 1562 1234; x_wconf 89' lang='lat' dir='ltr'>plura</span> <span class='ocrx_word' id='word_1_176' title='bbox 1580 1180 1731 1234; x_wconf 86' lang='lat' dir='ltr'>capita,</span> <span class='ocrx_word' id='word_1_177' title='bbox 1750 1181 1871 1234; x_wconf 87' lang='lat' dir='ltr'>plura</span> <span class='ocrx_word' id='word_1_178' title='bbox 1887 1182 2103 1229; x_wconf 84' lang='lat' dir='ltr'>tmemata,</span> 
     </span>
     <span class='ocr_line' id='line_1_19' title="bbox 168 1237 2105 1294; baseline -0.001 -15"><span class='ocrx_word' id='word_1_179' title='bbox 168 1239 289 1292; x_wconf 88' lang='lat' dir='ltr'>plura</span> <span class='ocrx_word' id='word_1_180' title='bbox 321 1241 528 1280; x_wconf 87' lang='lat' dir='ltr'>commata</span> <span class='ocrx_word' id='word_1_181' title='bbox 561 1240 612 1280; x_wconf 87' lang='lat' dir='ltr'>ad</span> <span class='ocrx_word' id='word_1_182' title='bbox 642 1238 812 1294; x_wconf 81' lang='lat' dir='ltr'>Legem,</span> <span class='ocrx_word' id='word_1_183' title='bbox 842 1254 968 1293; x_wconf 89' lang='lat' dir='ltr'>quam</span> <span class='ocrx_word' id='word_1_184' title='bbox 1006 1239 1056 1280; x_wconf 86' lang='lat' dir='ltr'>ad</span> <span class='ocrx_word' id='word_1_185' title='bbox 1083 1238 1367 1293; x_wconf 83' lang='lat' dir='ltr'>Euangelium</span> <span class='ocrx_word' id='word_1_186' title='bbox 1384 1239 1651 1293; x_wconf 85' lang='lat' dir='ltr'>pertinentia.</span> <span class='ocrx_word' id='word_1_187' title='bbox 1687 1240 1726 1280; x_wconf 80' lang='lat'>2.</span> <span class='ocrx_word' id='word_1_188' title='bbox 1762 1239 1869 1291; x_wconf 68' lang='lat' dir='ltr'>Quia</span> <span class='ocrx_word' id='word_1_189' title='bbox 1881 1237 2105 1292; x_wconf 84' lang='lat' dir='ltr'>explicatio</span> 
     </span>
     <span class='ocr_line' id='line_1_20' title="bbox 168 1296 2107 1352; baseline -0.001 -14"><span class='ocrx_word' id='word_1_190' title='bbox 168 1297 292 1352; x_wconf 85' lang='lat' dir='ltr'>Legis</span> <span class='ocrx_word' id='word_1_191' title='bbox 318 1312 393 1351; x_wconf 88' lang='lat' dir='ltr'>per</span> <span class='ocrx_word' id='word_1_192' title='bbox 424 1297 563 1351; x_wconf 88' lang='lat' dir='ltr'>plures</span> <span class='ocrx_word' id='word_1_193' title='bbox 596 1297 741 1339; x_wconf 88' lang='lat' dir='ltr'>titulos</span> <span class='ocrx_word' id='word_1_194' title='bbox 765 1299 793 1340; x_wconf 86' lang='grc'>81</span> <span class='ocrx_word' id='word_1_195' title='bbox 811 1298 1038 1339; x_wconf 89' lang='lat' dir='ltr'>subtitulos</span> <span class='ocrx_word' id='word_1_196' title='bbox 1066 1297 1324 1343; x_wconf 82' lang='lat' dir='ltr'>diffunditur,</span> <span class='ocrx_word' id='word_1_197' title='bbox 1345 1311 1470 1350; x_wconf 86' lang='lat' dir='ltr'>quam</span> <span class='ocrx_word' id='word_1_198' title='bbox 1490 1297 1714 1351; x_wconf 78' lang='lat' dir='ltr'>explicatio</span> <span class='ocrx_word' id='word_1_199' title='bbox 1730 1297 1979 1352; x_wconf 85' lang='lat' dir='ltr'>Euangelii:</span> <span class='ocrx_word' id='word_1_200' title='bbox 1998 1296 2107 1350; x_wconf 89' lang='lat' dir='ltr'>quod</span> 
     </span>
     <span class='ocr_line' id='line_1_21' title="bbox 169 1355 2107 1410; baseline -0.001 -14"><span class='ocrx_word' id='word_1_201' title='bbox 169 1371 218 1397; x_wconf 88' lang='lat' dir='ltr'>ex</span> <span class='ocrx_word' id='word_1_202' title='bbox 245 1356 503 1409; x_wconf 88' lang='lat' dir='ltr'>inspectione</span> <span class='ocrx_word' id='word_1_203' title='bbox 537 1357 565 1398; x_wconf 83' lang='grc'>81</span> <span class='ocrx_word' id='word_1_204' title='bbox 597 1356 819 1397; x_wconf 86' lang='lat' dir='ltr'>collatione</span> <span class='ocrx_word' id='word_1_205' title='bbox 839 1356 1093 1397; x_wconf 86' lang='lat' dir='ltr'>tabellarum</span> <span class='ocrx_word' id='word_1_206' title='bbox 1112 1371 1184 1397; x_wconf 91' lang='lat' dir='ltr'>seu</span> <span class='ocrx_word' id='word_1_207' title='bbox 1206 1355 1440 1405; x_wconf 88' lang='lat' dir='ltr'>titulorum,</span> <span class='ocrx_word' id='word_1_208' title='bbox 1460 1370 1529 1396; x_wconf 85' lang='lat' dir='ltr'>seu</span> <span class='ocrx_word' id='word_1_209' title='bbox 1551 1356 1839 1410; x_wconf 86' lang='lat' dir='ltr'>catalogorum</span> <span class='ocrx_word' id='word_1_210' title='bbox 1857 1356 2060 1396; x_wconf 84' lang='lat' dir='ltr'>virtutum</span> <span class='ocrx_word' id='word_1_211' title='bbox 2079 1355 2107 1396; x_wconf 84' lang='lat'>&amp;</span> 
     </span>
     <span class='ocr_line' id='line_1_22' title="bbox 169 1412 2108 1469; baseline -0.001 -14"><span class='ocrx_word' id='word_1_212' title='bbox 169 1414 366 1455; x_wconf 89' lang='lat' dir='ltr'>vitiorum</span> <span class='ocrx_word' id='word_1_213' title='bbox 385 1429 458 1468; x_wconf 89' lang='lat' dir='ltr'>per</span> <span class='ocrx_word' id='word_1_214' title='bbox 475 1416 611 1455; x_wconf 90' lang='lat' dir='ltr'>totum</span> <span class='ocrx_word' id='word_1_215' title='bbox 630 1413 903 1469; x_wconf 86' lang='lat' dir='ltr'>Decalogurn,</span> <span class='ocrx_word' id='word_1_216' title='bbox 938 1417 984 1455; x_wconf 84' lang='lat' dir='ltr'>ut</span> <span class='ocrx_word' id='word_1_217' title='bbox 1001 1416 1029 1457; x_wconf 87' lang='lat'>&amp;</span> <span class='ocrx_word' id='word_1_218' title='bbox 1046 1414 1175 1455; x_wconf 91' lang='lat' dir='ltr'>totius</span> <span class='ocrx_word' id='word_1_219' title='bbox 1191 1413 1396 1455; x_wconf 88' lang='lat' dir='ltr'>Politicae</span> <span class='ocrx_word' id='word_1_220' title='bbox 1409 1414 1741 1462; x_wconf 87' lang='lat' dir='ltr'>Ecclesiasticae,</span> <span class='ocrx_word' id='word_1_221' title='bbox 1761 1428 1866 1467; x_wconf 92' lang='lat' dir='ltr'>quae</span> <span class='ocrx_word' id='word_1_222' title='bbox 1884 1414 1936 1454; x_wconf 84' lang='lat' dir='ltr'>ad</span> <span class='ocrx_word' id='word_1_223' title='bbox 1952 1412 2108 1467; x_wconf 82' lang='lat' dir='ltr'>Legem</span> 
     </span>
     <span class='ocr_line' id='line_1_23' title="bbox 168 1471 2105 1526; baseline -0.001 -13"><span class='ocrx_word' id='word_1_224' title='bbox 168 1472 404 1521; x_wconf 77' lang='lat' dir='ltr'>reducitur;</span> <span class='ocrx_word' id='word_1_225' title='bbox 438 1487 531 1514; x_wconf 91' lang='lat' dir='ltr'>cum</span> <span class='ocrx_word' id='word_1_226' title='bbox 563 1473 721 1514; x_wconf 89' lang='lat' dir='ltr'>tabella</span> <span class='ocrx_word' id='word_1_227' title='bbox 759 1488 830 1514; x_wconf 91' lang='lat' dir='ltr'>seu</span> <span class='ocrx_word' id='word_1_228' title='bbox 858 1473 1008 1523; x_wconf 87' lang='lat' dir='ltr'>titulis,</span> <span class='ocrx_word' id='word_1_229' title='bbox 1043 1488 1115 1514; x_wconf 89' lang='lat' dir='ltr'>seu</span> <span class='ocrx_word' id='word_1_230' title='bbox 1139 1472 1347 1526; x_wconf 85' lang='lat' dir='ltr'>capitibus</span> <span class='ocrx_word' id='word_1_231' title='bbox 1372 1473 1600 1526; x_wconf 87' lang='lat' dir='ltr'>Euangelii</span> <span class='ocrx_word' id='word_1_232' title='bbox 1622 1473 1674 1513; x_wconf 84' lang='lat' dir='ltr'>ad</span> <span class='ocrx_word' id='word_1_233' title='bbox 1691 1473 1857 1513; x_wconf 88' lang='lat' dir='ltr'>oculum</span> <span class='ocrx_word' id='word_1_234' title='bbox 1873 1471 2047 1526; x_wconf 86' lang='lat' dir='ltr'>patebit.</span> <span class='ocrx_word' id='word_1_235' title='bbox 2069 1473 2105 1511; x_wconf 83' lang='lat'>-“=.</span> 
     </span>
     <span class='ocr_line' id='line_1_24' title="bbox 172 1530 2106 1585; baseline -0.001 -13"><span class='ocrx_word' id='word_1_236' title='bbox 172 1532 279 1584; x_wconf 67' lang='lat' dir='ltr'>Quia</span> <span class='ocrx_word' id='word_1_237' title='bbox 296 1531 437 1585; x_wconf 90' lang='lat' dir='ltr'>plures</span> <span class='ocrx_word' id='word_1_238' title='bbox 455 1546 602 1572; x_wconf 88' lang='lat' dir='ltr'>vocum</span> <span class='ocrx_word' id='word_1_239' title='bbox 619 1545 667 1572; x_wconf 87' lang='lat' dir='ltr'>ac</span> <span class='ocrx_word' id='word_1_240' title='bbox 683 1531 956 1573; x_wconf 84' lang='lat' dir='ltr'>terminorum</span> <span class='ocrx_word' id='word_1_241' title='bbox 976 1531 1274 1585; x_wconf 84' lang='lat' dir='ltr'>explicationes</span> <span class='ocrx_word' id='word_1_242' title='bbox 1293 1532 1321 1572; x_wconf 86' lang='grc'>81</span> <span class='ocrx_word' id='word_1_243' title='bbox 1341 1531 1628 1572; x_wconf 84' lang='lat' dir='ltr'>distinctiones</span> <span class='ocrx_word' id='word_1_244' title='bbox 1651 1531 1751 1581; x_wconf 89' lang='lat' dir='ltr'>illic,</span> <span class='ocrx_word' id='word_1_245' title='bbox 1776 1545 1902 1584; x_wconf 87' lang='lat' dir='ltr'>quam</span> <span class='ocrx_word' id='word_1_246' title='bbox 1934 1530 2003 1571; x_wconf 90' lang='grc'>1110</span> <span class='ocrx_word' id='word_1_247' title='bbox 2031 1544 2106 1570; x_wconf 90' lang='grc'>00-</span> 
     </span>
     <span class='ocr_line' id='line_1_25' title="bbox 170 1588 2105 1644; baseline -0.001 -14"><span class='ocrx_word' id='word_1_248' title='bbox 170 1592 354 1631; x_wconf 90' lang='lat' dir='ltr'>currunt.</span> <span class='ocrx_word' id='word_1_249' title='bbox 389 1590 428 1630; x_wconf 82' lang='lat'>4.</span> <span class='ocrx_word' id='word_1_250' title='bbox 464 1590 572 1642; x_wconf 75' lang='lat' dir='ltr'>tat‘a</span> <span class='ocrx_word' id='word_1_251' title='bbox 604 1589 762 1631; x_wconf 89' lang='lat' dir='ltr'>thetica</span> <span class='ocrx_word' id='word_1_252' title='bbox 799 1605 871 1631; x_wconf 88' lang='lat' dir='ltr'>seu</span> <span class='ocrx_word' id='word_1_253' title='bbox 903 1590 1133 1631; x_wconf 86' lang='lat' dir='ltr'>thematica</span> <span class='ocrx_word' id='word_1_254' title='bbox 1152 1589 1373 1643; x_wconf 82' lang='lat' dir='ltr'>explicatio</span> <span class='ocrx_word' id='word_1_255' title='bbox 1392 1590 1652 1644; x_wconf 89' lang='lat' dir='ltr'>singulorum</span> <span class='ocrx_word' id='word_1_256' title='bbox 1671 1590 1891 1630; x_wconf 88' lang='lat' dir='ltr'>titulorum</span> <span class='ocrx_word' id='word_1_257' title='bbox 1910 1603 1982 1629; x_wconf 88' lang='lat' dir='ltr'>seu</span> <span class='ocrx_word' id='word_1_258' title='bbox 1999 1588 2105 1629; x_wconf 87' lang='lat' dir='ltr'>loco-</span> 
     </span>
     <span class='ocr_line' id='line_1_26' title="bbox 169 1647 2105 1702; baseline -0.001 -14"><span class='ocrx_word' id='word_1_259' title='bbox 169 1663 261 1688; x_wconf 88' lang='lat' dir='ltr'>rum</span> <span class='ocrx_word' id='word_1_260' title='bbox 294 1648 497 1702; x_wconf 90' lang='lat' dir='ltr'>legalium</span> <span class='ocrx_word' id='word_1_261' title='bbox 530 1648 741 1701; x_wconf 88' lang='lat' dir='ltr'>operosior</span> <span class='ocrx_word' id='word_1_262' title='bbox 773 1651 848 1698; x_wconf 91' lang='lat' dir='ltr'>est,</span> <span class='ocrx_word' id='word_1_263' title='bbox 883 1663 1009 1701; x_wconf 87' lang='lat' dir='ltr'>quam</span> <span class='ocrx_word' id='word_1_264' title='bbox 1036 1648 1221 1689; x_wconf 89' lang='lat' dir='ltr'>locorum</span> <span class='ocrx_word' id='word_1_265' title='bbox 1238 1647 1476 1702; x_wconf 79' lang='lat' dir='ltr'>Euangelii.</span> <span class='ocrx_word' id='word_1_266' title='bbox 1511 1649 1578 1690; x_wconf 75' lang='lat' dir='ltr'>Illi</span> <span class='ocrx_word' id='word_1_267' title='bbox 1597 1648 1707 1689; x_wconf 90' lang='lat' dir='ltr'>enim</span> <span class='ocrx_word' id='word_1_268' title='bbox 1725 1661 1924 1702; x_wconf 85' lang='lat' dir='ltr'>magnam</span> <span class='ocrx_word' id='word_1_269' title='bbox 1942 1649 2105 1700; x_wconf 86' lang='lat' dir='ltr'>partem</span> 
     </span>
     <span class='ocr_line' id='line_1_27' title="bbox 170 1705 2105 1760; baseline -0.001 -14"><span class='ocrx_word' id='word_1_270' title='bbox 170 1707 221 1747; x_wconf 89' lang='lat' dir='ltr'>ad</span> <span class='ocrx_word' id='word_1_271' title='bbox 240 1705 517 1760; x_wconf 88' lang='lat' dir='ltr'>Theologiam</span> <span class='ocrx_word' id='word_1_272' title='bbox 548 1720 630 1747; x_wconf 90' lang='lat' dir='ltr'>non</span> <span class='ocrx_word' id='word_1_273' title='bbox 662 1709 828 1747; x_wconf 88' lang='lat' dir='ltr'>tantum</span> <span class='ocrx_word' id='word_1_274' title='bbox 861 1707 1237 1760; x_wconf 75' lang='lat' dir='ltr'>supernaturalem,</span> <span class='ocrx_word' id='word_1_275' title='bbox 1271 1707 1343 1748; x_wconf 92' lang='lat' dir='ltr'>sed</span> <span class='ocrx_word' id='word_1_276' title='bbox 1376 1706 1504 1747; x_wconf 89' lang='lat' dir='ltr'>etiam</span> <span class='ocrx_word' id='word_1_277' title='bbox 1543 1707 1594 1747; x_wconf 90' lang='lat' dir='ltr'>ad</span> <span class='ocrx_word' id='word_1_278' title='bbox 1626 1706 1862 1747; x_wconf 81' lang='lat' dir='ltr'>naturalem</span> <span class='ocrx_word' id='word_1_279' title='bbox 1880 1705 2105 1759; x_wconf 81' lang='lat' dir='ltr'>pertinent,</span> 
     </span>
     <span class='ocr_line' id='line_1_28' title="bbox 171 1763 2107 1818; baseline -0.002 -13"><span class='ocrx_word' id='word_1_280' title='bbox 171 1779 243 1805; x_wconf 90' lang='lat' dir='ltr'>seu</span> <span class='ocrx_word' id='word_1_281' title='bbox 287 1765 339 1805; x_wconf 87' lang='lat' dir='ltr'>ad</span> <span class='ocrx_word' id='word_1_282' title='bbox 385 1764 595 1815; x_wconf 87' lang='lat' dir='ltr'>Ethicam,</span> <span class='ocrx_word' id='word_1_283' title='bbox 644 1763 974 1815; x_wconf 86' lang='lat' dir='ltr'>Oeconomicam,</span> <span class='ocrx_word' id='word_1_284' title='bbox 1019 1764 1264 1815; x_wconf 82' lang='lat' dir='ltr'>Politicam;</span> <span class='ocrx_word' id='word_1_285' title='bbox 1298 1765 1472 1818; x_wconf 88' lang='lat' dir='ltr'>ideoque</span> <span class='ocrx_word' id='word_1_286' title='bbox 1498 1780 1580 1805; x_wconf 85' lang='lat' dir='ltr'>non</span> <span class='ocrx_word' id='word_1_287' title='bbox 1614 1767 1780 1805; x_wconf 83' lang='lat' dir='ltr'>tantum</span> <span class='ocrx_word' id='word_1_288' title='bbox 1820 1779 1869 1804; x_wconf 85' lang='lat' dir='ltr'>ex</span> <span class='ocrx_word' id='word_1_289' title='bbox 1901 1763 2107 1817; x_wconf 88' lang='lat' dir='ltr'>principio</span> 
     </span>
     <span class='ocr_line' id='line_1_29' title="bbox 172 1821 2104 1876; baseline -0.001 -13"><span class='ocrx_word' id='word_1_290' title='bbox 172 1821 426 1876; x_wconf 81' lang='lat' dir='ltr'>Scripturae,</span> <span class='ocrx_word' id='word_1_291' title='bbox 445 1824 515 1864; x_wconf 91' lang='lat' dir='ltr'>sed</span> <span class='ocrx_word' id='word_1_292' title='bbox 533 1823 660 1864; x_wconf 87' lang='lat' dir='ltr'>etiam</span> <span class='ocrx_word' id='word_1_293' title='bbox 679 1838 730 1864; x_wconf 85' lang='lat' dir='ltr'>ex</span> <span class='ocrx_word' id='word_1_294' title='bbox 762 1825 875 1864; x_wconf 67' lang='lat' dir='ltr'>recta</span> <span class='ocrx_word' id='word_1_295' title='bbox 905 1823 1067 1864; x_wconf 89' lang='lat' dir='ltr'>ratione</span> <span class='ocrx_word' id='word_1_296' title='bbox 1096 1824 1124 1865; x_wconf 88' lang='grc'>81</span> <span class='ocrx_word' id='word_1_297' title='bbox 1142 1823 1299 1864; x_wconf 88' lang='lat' dir='ltr'>lumine</span> <span class='ocrx_word' id='word_1_298' title='bbox 1319 1823 1503 1864; x_wconf 53' lang='lat' dir='ltr'>naturali</span> <span class='ocrx_word' id='word_1_299' title='bbox 1521 1823 1778 1864; x_wconf 90' lang='lat' dir='ltr'>deducuntur</span> <span class='ocrx_word' id='word_1_300' title='bbox 1795 1837 1842 1863; x_wconf 89' lang='lat' dir='ltr'>ac</span> <span class='ocrx_word' id='word_1_301' title='bbox 1859 1822 2104 1863; x_wconf 87' lang='lat' dir='ltr'>confirman-</span> 
     </span>
     <span class='ocr_line' id='line_1_30' title="bbox 171 1879 2100 1935; baseline -0.001 -14"><span class='ocrx_word' id='word_1_302' title='bbox 171 1884 263 1922; x_wconf 87' lang='lat' dir='ltr'>tur:</span> <span class='ocrx_word' id='word_1_303' title='bbox 295 1882 368 1922; x_wconf 72' lang='grc' dir='ltr'>13ιί</span> <span class='ocrx_word' id='word_1_304' title='bbox 385 1896 478 1922; x_wconf 82' lang='lat' dir='ltr'>vero</span> <span class='ocrx_word' id='word_1_305' title='bbox 496 1896 638 1922; x_wconf 88' lang='lat' dir='ltr'>omnes</span> <span class='ocrx_word' id='word_1_306' title='bbox 657 1896 703 1922; x_wconf 79' lang='lat' dir='ltr'>ex</span> <span class='ocrx_word' id='word_1_307' title='bbox 737 1882 824 1922; x_wconf 73' lang='lat' dir='ltr'>sola</span> <span class='ocrx_word' id='word_1_308' title='bbox 842 1880 1058 1935; x_wconf 75' lang='lat' dir='ltr'>Scriptura</span> <span class='ocrx_word' id='word_1_309' title='bbox 1075 1881 1221 1922; x_wconf 91' lang='lat' dir='ltr'>deduci</span> <span class='ocrx_word' id='word_1_310' title='bbox 1239 1883 1267 1924; x_wconf 86' lang='grc'>81</span> <span class='ocrx_word' id='word_1_311' title='bbox 1285 1881 1522 1923; x_wconf 82' lang='lat' dir='ltr'>confirmari</span> <span class='ocrx_word' id='word_1_312' title='bbox 1549 1882 1712 1922; x_wconf 88' lang='lat' dir='ltr'>debent.</span> <span class='ocrx_word' id='word_1_313' title='bbox 1747 1881 1813 1923; x_wconf 70' lang='lat' dir='ltr'>Illi</span> <span class='ocrx_word' id='word_1_314' title='bbox 1848 1894 2049 1934; x_wconf 88' lang='lat' dir='ltr'>magnum</span> <span class='ocrx_word' id='word_1_315' title='bbox 2070 1879 2100 1921; x_wconf 79' lang='grc'>81</span> 
     </span>
     <span class='ocr_line' id='line_1_31' title="bbox 171 1937 2107 1994; baseline -0.001 -14"><span class='ocrx_word' id='word_1_316' title='bbox 171 1939 449 1993; x_wconf 86' lang='lat' dir='ltr'>multiplicem</span> <span class='ocrx_word' id='word_1_317' title='bbox 482 1943 732 1993; x_wconf 83' lang='lat' dir='ltr'>apparatum</span> <span class='ocrx_word' id='word_1_318' title='bbox 765 1939 996 1994; x_wconf 85' lang='lat' dir='ltr'>spiritualis</span> <span class='ocrx_word' id='word_1_319' title='bbox 1028 1940 1336 1994; x_wconf 88' lang='lat' dir='ltr'>pathologicae‚</span> <span class='ocrx_word' id='word_1_320' title='bbox 1369 1940 1697 1994; x_wconf 83' lang='lat' dir='ltr'>therapeuticae,</span> <span class='ocrx_word' id='word_1_321' title='bbox 1731 1938 1990 1989; x_wconf 89' lang='lat' dir='ltr'>diaeteticae,</span> <span class='ocrx_word' id='word_1_322' title='bbox 2029 1937 2107 1978; x_wconf 89' lang='lat' dir='ltr'>hoc</span> 
     </span>
     <span class='ocr_line' id='line_1_32' title="bbox 172 1997 2105 2053; baseline -0.001 -15"><span class='ocrx_word' id='word_1_323' title='bbox 172 2000 248 2048; x_wconf 88' lang='lat' dir='ltr'>est,</span> <span class='ocrx_word' id='word_1_324' title='bbox 278 1998 544 2039; x_wconf 89' lang='lat' dir='ltr'>stimulorum</span> <span class='ocrx_word' id='word_1_325' title='bbox 563 2013 635 2039; x_wconf 88' lang='lat' dir='ltr'>seu</span> <span class='ocrx_word' id='word_1_326' title='bbox 659 1998 924 2049; x_wconf 85' lang='lat' dir='ltr'>motivorum,</span> <span class='ocrx_word' id='word_1_327' title='bbox 943 1998 1368 2053; x_wconf 84' lang='lat' dir='ltr'>prophylacticorum,</span> <span class='ocrx_word' id='word_1_328' title='bbox 1386 1998 1619 2039; x_wconf 88' lang='lat' dir='ltr'>mediorum</span> <span class='ocrx_word' id='word_1_329' title='bbox 1637 1999 1665 2040; x_wconf 82' lang='lat'>&amp;</span> <span class='ocrx_word' id='word_1_330' title='bbox 1683 1997 1975 2047; x_wconf 87' lang='lat' dir='ltr'>remediorum,</span> <span class='ocrx_word' id='word_1_331' title='bbox 1998 2010 2105 2046; x_wconf 91' lang='lat' dir='ltr'>cum,</span> 
     </span>
     <span class='ocr_line' id='line_1_33' title="bbox 170 2054 2104 2110; baseline -0.001 -14"><span class='ocrx_word' id='word_1_332' title='bbox 170 2056 545 2097; x_wconf 86' lang='lat' dir='ltr'>intercurrentibus</span> <span class='ocrx_word' id='word_1_333' title='bbox 564 2056 960 2110; x_wconf 86' lang='lat' dir='ltr'>amplificationibus</span> <span class='ocrx_word' id='word_1_334' title='bbox 992 2071 1065 2110; x_wconf 88' lang='lat' dir='ltr'>per</span> <span class='ocrx_word' id='word_1_335' title='bbox 1097 2057 1266 2107; x_wconf 84' lang='lat' dir='ltr'>similia,</span> <span class='ocrx_word' id='word_1_336' title='bbox 1304 2056 1538 2107; x_wconf 85' lang='lat' dir='ltr'>dissimilia,</span> <span class='ocrx_word' id='word_1_337' title='bbox 1568 2056 1774 2110; x_wconf 86' lang='lat' dir='ltr'>opposita,</span> <span class='ocrx_word' id='word_1_338' title='bbox 1794 2071 1844 2097; x_wconf 82' lang='lat' dir='ltr'>ex</span> <span class='ocrx_word' id='word_1_339' title='bbox 1861 2054 2104 2108; x_wconf 82' lang='lat' dir='ltr'>Scripturis,</span> 
     </span>
     <span class='ocr_line' id='line_1_34' title="bbox 171 2112 2106 2168; baseline -0.001 -13"><span class='ocrx_word' id='word_1_340' title='bbox 171 2117 218 2155; x_wconf 90' lang='lat' dir='ltr'>ut</span> <span class='ocrx_word' id='word_1_341' title='bbox 236 2115 363 2156; x_wconf 89' lang='lat' dir='ltr'>etiam</span> <span class='ocrx_word' id='word_1_342' title='bbox 389 2115 576 2165; x_wconf 91' lang='lat' dir='ltr'>consilia,</span> <span class='ocrx_word' id='word_1_343' title='bbox 595 2115 716 2165; x_wconf 83' lang='lat' dir='ltr'>dicta,</span> <span class='ocrx_word' id='word_1_344' title='bbox 741 2115 853 2156; x_wconf 86' lang='lat' dir='ltr'>facta</span> <span class='ocrx_word' id='word_1_345' title='bbox 886 2130 931 2156; x_wconf 84' lang='lat' dir='ltr'>ex</span> <span class='ocrx_word' id='word_1_346' title='bbox 965 2114 1156 2157; x_wconf 75' lang='lat' dir='ltr'>Historia</span> <span class='ocrx_word' id='word_1_347' title='bbox 1187 2115 1361 2168; x_wconf 69' lang='lat' dir='ltr'>antiqua</span> <span class='ocrx_word' id='word_1_348' title='bbox 1392 2115 1421 2156; x_wconf 91' lang='grc'>81</span> <span class='ocrx_word' id='word_1_349' title='bbox 1447 2130 1555 2156; x_wconf 86' lang='lat' dir='ltr'>nova</span> <span class='ocrx_word' id='word_1_350' title='bbox 1582 2114 1823 2168; x_wconf 86' lang='lat' dir='ltr'>requirunt:</span> <span class='ocrx_word' id='word_1_351' title='bbox 1848 2115 1914 2155; x_wconf 77' lang='lat' dir='ltr'>isti</span> <span class='ocrx_word' id='word_1_352' title='bbox 1930 2128 2013 2154; x_wconf 88' lang='grc'>11011</span> <span class='ocrx_word' id='word_1_353' title='bbox 2033 2112 2106 2154; x_wconf 77' lang='lat' dir='ltr'>ita.</span> 
     </span>
     <span class='ocr_line' id='line_1_35' title="bbox 173 2172 2107 2227; baseline 0 -15"><span class='ocrx_word' id='word_1_354' title='bbox 173 2174 211 2213; x_wconf 83' lang='lat'>5.</span> <span class='ocrx_word' id='word_1_355' title='bbox 233 2174 343 2226; x_wconf 65' lang='lat' dir='ltr'>Quia</span> <span class='ocrx_word' id='word_1_356' title='bbox 365 2176 652 2215; x_wconf 87' lang='lat' dir='ltr'>controversae</span> <span class='ocrx_word' id='word_1_357' title='bbox 672 2174 938 2227; x_wconf 88' lang='lat' dir='ltr'>quaestiones</span> <span class='ocrx_word' id='word_1_358' title='bbox 956 2174 985 2214; x_wconf 58' lang='grc' dir='ltr'>ἃ</span> <span class='ocrx_word' id='word_1_359' title='bbox 1003 2174 1141 2222; x_wconf 85' lang='lat' dir='ltr'>dubia,</span> <span class='ocrx_word' id='word_1_360' title='bbox 1162 2173 1436 2214; x_wconf 86' lang='lat' dir='ltr'>Auditoribus</span> <span class='ocrx_word' id='word_1_361' title='bbox 1453 2173 1606 2214; x_wconf 87' lang='lat' dir='ltr'>nostris</span> <span class='ocrx_word' id='word_1_362' title='bbox 1630 2174 1737 2215; x_wconf 86' lang='lat' dir='ltr'>circa</span> <span class='ocrx_word' id='word_1_363' title='bbox 1754 2172 2107 2226; x_wconf 88' lang='lat' dir='ltr'>praedicationem</span> 
     </span>
     <span class='ocr_line' id='line_1_36' title="bbox 171 2230 2105 2286; baseline -0.001 -14"><span class='ocrx_word' id='word_1_364' title='bbox 171 2230 391 2286; x_wconf 83' lang='lat' dir='ltr'>Legalium</span> <span class='ocrx_word' id='word_1_365' title='bbox 424 2231 546 2285; x_wconf 83' lang='lat' dir='ltr'>plura</span> <span class='ocrx_word' id='word_1_366' title='bbox 582 2232 842 2283; x_wconf 87' lang='lat' dir='ltr'>oboriuntur,</span> <span class='ocrx_word' id='word_1_367' title='bbox 886 2235 959 2273; x_wconf 87' lang='lat' dir='ltr'>aut</span> <span class='ocrx_word' id='word_1_368' title='bbox 1001 2233 1052 2273; x_wconf 90' lang='lat' dir='ltr'>ab</span> <span class='ocrx_word' id='word_1_369' title='bbox 1090 2232 1141 2272; x_wconf 88' lang='lat' dir='ltr'>iis</span> <span class='ocrx_word' id='word_1_370' title='bbox 1177 2232 1469 2285; x_wconf 85' lang='lat' dir='ltr'>frequentibus</span> <span class='ocrx_word' id='word_1_371' title='bbox 1500 2234 1733 2282; x_wconf 85' lang='lat' dir='ltr'>moventur,</span> <span class='ocrx_word' id='word_1_372' title='bbox 1766 2231 1867 2284; x_wconf 88' lang='lat' dir='ltr'>quin</span> <span class='ocrx_word' id='word_1_373' title='bbox 1905 2231 1933 2272; x_wconf 87' lang='grc'>81</span> <span class='ocrx_word' id='word_1_374' title='bbox 1965 2230 2105 2284; x_wconf 89' lang='lat' dir='ltr'>plures</span> 
     </span>
     <span class='ocr_line' id='line_1_37' title="bbox 172 2289 2104 2344; baseline -0.001 -13"><span class='ocrx_word' id='word_1_375' title='bbox 172 2305 331 2331; x_wconf 89' lang='lat' dir='ltr'>errores</span> <span class='ocrx_word' id='word_1_376' title='bbox 363 2290 600 2344; x_wconf 79' lang='lat' dir='ltr'>populares,</span> <span class='ocrx_word' id='word_1_377' title='bbox 624 2290 765 2344; x_wconf 88' lang='lat' dir='ltr'>plures</span> <span class='ocrx_word' id='word_1_378' title='bbox 782 2290 1056 2344; x_wconf 85' lang='lat' dir='ltr'>particulares</span> <span class='ocrx_word' id='word_1_379' title='bbox 1075 2290 1290 2344; x_wconf 86' lang='lat' dir='ltr'>opiniones</span> <span class='ocrx_word' id='word_1_380' title='bbox 1309 2293 1331 2331; x_wconf 74' lang='lat' dir='ltr'>a</span> <span class='ocrx_word' id='word_1_381' title='bbox 1348 2290 1558 2331; x_wconf 89' lang='lat' dir='ltr'>communi</span> <span class='ocrx_word' id='word_1_382' title='bbox 1575 2289 1866 2330; x_wconf 88' lang='lat' dir='ltr'>Ministrorum</span> <span class='ocrx_word' id='word_1_383' title='bbox 1889 2302 2058 2329; x_wconf 91' lang='lat' dir='ltr'>suorum</span> <span class='ocrx_word' id='word_1_384' title='bbox 2076 2289 2104 2330; x_wconf 79' lang='lat'>&amp;</span> 
     </span>
     <span class='ocr_line' id='line_1_38' title="bbox 173 2346 2107 2403; baseline -0.002 -14"><span class='ocrx_word' id='word_1_385' title='bbox 173 2347 485 2403; x_wconf 86' lang='lat' dir='ltr'>Theologorum</span> <span class='ocrx_word' id='word_1_386' title='bbox 502 2363 704 2389; x_wconf 89' lang='lat' dir='ltr'>consensu</span> <span class='ocrx_word' id='word_1_387' title='bbox 722 2350 958 2390; x_wconf 87' lang='lat' dir='ltr'>recedentes</span> <span class='ocrx_word' id='word_1_388' title='bbox 976 2349 1171 2390; x_wconf 87' lang='lat' dir='ltr'>foventur</span> <span class='ocrx_word' id='word_1_389' title='bbox 1188 2364 1235 2390; x_wconf 87' lang='lat' dir='ltr'>ac</span> <span class='ocrx_word' id='word_1_390' title='bbox 1252 2351 1468 2390; x_wconf 84' lang='lat' dir='ltr'>tenentur:</span> <span class='ocrx_word' id='word_1_391' title='bbox 1488 2363 1614 2402; x_wconf 89' lang='lat' dir='ltr'>quam</span> <span class='ocrx_word' id='word_1_392' title='bbox 1631 2348 1739 2389; x_wconf 87' lang='lat' dir='ltr'>circa</span> <span class='ocrx_word' id='word_1_393' title='bbox 1756 2346 2107 2402; x_wconf 85' lang='lat' dir='ltr'>praedicationem</span> 
     </span>
     <span class='ocr_line' id='line_1_39' title="bbox 173 2405 2106 2463; baseline -0.002 -15"><span class='ocrx_word' id='word_1_394' title='bbox 173 2407 417 2462; x_wconf 84' lang='lat' dir='ltr'>dogmatum</span> <span class='ocrx_word' id='word_1_395' title='bbox 434 2406 674 2461; x_wconf 83' lang='lat' dir='ltr'>Euangelii.</span> <span class='ocrx_word' id='word_1_396' title='bbox 708 2406 820 2448; x_wconf 83' lang='lat' dir='ltr'>Usus</span> <span class='ocrx_word' id='word_1_397' title='bbox 838 2407 949 2448; x_wconf 86' lang='lat' dir='ltr'>enim</span> <span class='ocrx_word' id='word_1_398' title='bbox 969 2407 1157 2449; x_wconf 88' lang='lat' dir='ltr'>elenctici</span> <span class='ocrx_word' id='word_1_399' title='bbox 1176 2409 1204 2450; x_wconf 83' lang='grc'>81</span> <span class='ocrx_word' id='word_1_400' title='bbox 1228 2407 1513 2463; x_wconf 88' lang='lat' dir='ltr'>reprehensivi</span> <span class='ocrx_word' id='word_1_401' title='bbox 1547 2421 1733 2448; x_wconf 86' lang='lat' dir='ltr'>errorum</span> <span class='ocrx_word' id='word_1_402' title='bbox 1752 2409 1894 2447; x_wconf 85' lang='lat' dir='ltr'>contra</span> <span class='ocrx_word' id='word_1_403' title='bbox 1912 2405 2106 2460; x_wconf 86' lang='lat' dir='ltr'>Euange-</span> 
     </span>
     <span class='ocr_line' id='line_1_40' title="bbox 173 2463 2107 2519; baseline -0.002 -13"><span class='ocrx_word' id='word_1_404' title='bbox 173 2465 291 2516; x_wconf 89' lang='lat' dir='ltr'>lium,</span> <span class='ocrx_word' id='word_1_405' title='bbox 303 2464 571 2519; x_wconf 88' lang='lat' dir='ltr'>Papistarum</span> <span class='ocrx_word' id='word_1_406' title='bbox 586 2465 688 2514; x_wconf 84' lang='lat' dir='ltr'>scil.,</span> <span class='ocrx_word' id='word_1_407' title='bbox 701 2464 1030 2516; x_wconf 81' lang='lat' dir='ltr'>Socinianorum,</span> <span class='ocrx_word' id='word_1_408' title='bbox 1044 2465 1446 2516; x_wconf 85' lang='lat' dir='ltr'>Remonstrantiuni,</span> <span class='ocrx_word' id='word_1_409' title='bbox 1461 2465 1852 2519; x_wconf 86' lang='lat' dir='ltr'>Anabaptistarum,</span> <span class='ocrx_word' id='word_1_410' title='bbox 1866 2463 1938 2518; x_wconf 89' lang='lat' dir='ltr'>qui</span> <span class='ocrx_word' id='word_1_411' title='bbox 1950 2464 1992 2504; x_wconf 88' lang='lat' dir='ltr'>in</span> <span class='ocrx_word' id='word_1_412' title='bbox 2005 2463 2107 2504; x_wconf 89' lang='lat' dir='ltr'>mul-</span> 
     </span>
     <span class='ocr_line' id='line_1_41' title="bbox 173 2521 2105 2578; baseline -0.001 -14"><span class='ocrx_word' id='word_1_413' title='bbox 173 2523 228 2564; x_wconf 88' lang='lat' dir='ltr'>tis</span> <span class='ocrx_word' id='word_1_414' title='bbox 240 2523 439 2564; x_wconf 86' lang='lat' dir='ltr'>Ecclesiis</span> <span class='ocrx_word' id='word_1_415' title='bbox 452 2523 635 2578; x_wconf 87' lang='lat' dir='ltr'>Belgicis</span> <span class='ocrx_word' id='word_1_416' title='bbox 649 2525 748 2578; x_wconf 87' lang='lat' dir='ltr'>(non</span> <span class='ocrx_word' id='word_1_417' title='bbox 761 2524 805 2564; x_wconf 92' lang='lat' dir='ltr'>in</span> <span class='ocrx_word' id='word_1_418' title='bbox 817 2525 1027 2578; x_wconf 85' lang='lat' dir='ltr'>omnibus)</span> <span class='ocrx_word' id='word_1_419' title='bbox 1042 2524 1290 2578; x_wconf 78' lang='lat' dir='ltr'>tempestive</span> <span class='ocrx_word' id='word_1_420' title='bbox 1301 2523 1477 2565; x_wconf 89' lang='lat' dir='ltr'>refutari</span> <span class='ocrx_word' id='word_1_421' title='bbox 1490 2525 1642 2565; x_wconf 86' lang='lat' dir='ltr'>debent</span> <span class='ocrx_word' id='word_1_422' title='bbox 1654 2524 1695 2564; x_wconf 88' lang='lat' dir='ltr'>in</span> <span class='ocrx_word' id='word_1_423' title='bbox 1708 2524 1797 2577; x_wconf 89' lang='lat' dir='ltr'>ipso</span> <span class='ocrx_word' id='word_1_424' title='bbox 1808 2537 1930 2564; x_wconf 87' lang='lat' dir='ltr'>cursu</span> <span class='ocrx_word' id='word_1_425' title='bbox 1943 2521 2105 2563; x_wconf 89' lang='lat' dir='ltr'>Acade-</span> 
     </span>
     <span class='ocr_line' id='line_1_42' title="bbox 173 2580 2106 2636; baseline -0.001 -14"><span class='ocrx_word' id='word_1_426' title='bbox 173 2582 293 2631; x_wconf 78' lang='lat' dir='ltr'>mico,</span> <span class='ocrx_word' id='word_1_427' title='bbox 313 2582 341 2623; x_wconf 87' lang='grc'>81</span> <span class='ocrx_word' id='word_1_428' title='bbox 359 2581 401 2622; x_wconf 89' lang='grc'>111</span> <span class='ocrx_word' id='word_1_429' title='bbox 419 2581 644 2623; x_wconf 89' lang='lat' dir='ltr'>Ministerii</span> <span class='ocrx_word' id='word_1_430' title='bbox 660 2582 863 2636; x_wconf 86' lang='lat' dir='ltr'>tyrocinio</span> <span class='ocrx_word' id='word_1_431' title='bbox 881 2585 1072 2624; x_wconf 77' lang='lat' dir='ltr'>accurate</span> <span class='ocrx_word' id='word_1_432' title='bbox 1081 2582 1267 2633; x_wconf 86' lang='lat' dir='ltr'>formari,</span> <span class='ocrx_word' id='word_1_433' title='bbox 1281 2583 1486 2636; x_wconf 87' lang='lat' dir='ltr'>imprimis</span> <span class='ocrx_word' id='word_1_434' title='bbox 1506 2583 1536 2623; x_wconf 81' lang='lat'>&amp;</span> <span class='ocrx_word' id='word_1_435' title='bbox 1554 2583 1596 2623; x_wconf 89' lang='lat' dir='ltr'>in</span> <span class='ocrx_word' id='word_1_436' title='bbox 1613 2585 1831 2623; x_wconf 87' lang='lat' dir='ltr'>numerato</span> <span class='ocrx_word' id='word_1_437' title='bbox 1848 2580 1997 2622; x_wconf 87' lang='lat' dir='ltr'>haberi</span> <span class='ocrx_word' id='word_1_438' title='bbox 2010 2595 2106 2635; x_wconf 89' lang='lat' dir='ltr'>pos-</span> 
     </span>
     <span class='ocr_line' id='line_1_43' title="bbox 175 2639 2108 2695; baseline -0.001 -14"><span class='ocrx_word' id='word_1_439' title='bbox 175 2643 296 2682; x_wconf 90' lang='lat' dir='ltr'>sunt:</span> <span class='ocrx_word' id='word_1_440' title='bbox 326 2641 397 2681; x_wconf 90' lang='lat' dir='ltr'>sed</span> <span class='ocrx_word' id='word_1_441' title='bbox 425 2639 587 2681; x_wconf 89' lang='lat' dir='ltr'>elenchi</span> <span class='ocrx_word' id='word_1_442' title='bbox 615 2655 800 2681; x_wconf 89' lang='lat' dir='ltr'>errorum</span> <span class='ocrx_word' id='word_1_443' title='bbox 820 2641 927 2682; x_wconf 87' lang='lat' dir='ltr'>circa</span> <span class='ocrx_word' id='word_1_444' title='bbox 949 2641 1302 2695; x_wconf 78' lang='lat' dir='ltr'>praedicationem</span> <span class='ocrx_word' id='word_1_445' title='bbox 1325 2642 1568 2695; x_wconf 88' lang='lat' dir='ltr'>dogmatum</span> <span class='ocrx_word' id='word_1_446' title='bbox 1587 2640 1802 2695; x_wconf 89' lang='lat' dir='ltr'>legalium,</span> <span class='ocrx_word' id='word_1_447' title='bbox 1835 2639 1864 2681; x_wconf 86' lang='grc'>81</span> <span class='ocrx_word' id='word_1_448' title='bbox 1882 2639 2108 2680; x_wconf 87' lang='lat' dir='ltr'>decisiones</span> 
     </span>
     <span class='ocr_line' id='line_1_44' title="bbox 175 2698 2109 2753; baseline -0.001 -14"><span class='ocrx_word' id='word_1_449' title='bbox 175 2713 346 2740; x_wconf 89' lang='lat' dir='ltr'>casuum</span> <span class='ocrx_word' id='word_1_450' title='bbox 377 2698 498 2752; x_wconf 89' lang='lat' dir='ltr'>quasi</span> <span class='ocrx_word' id='word_1_451' title='bbox 521 2698 795 2749; x_wconf 86' lang='lat' dir='ltr'>infinitorum,</span> <span class='ocrx_word' id='word_1_452' title='bbox 823 2714 903 2740; x_wconf 92' lang='lat' dir='ltr'>non</span> <span class='ocrx_word' id='word_1_453' title='bbox 926 2702 1013 2740; x_wconf 87' lang='lat' dir='ltr'>tam</span> <span class='ocrx_word' id='word_1_454' title='bbox 1042 2700 1164 2741; x_wconf 78' lang='lat' dir='ltr'>facile</span> <span class='ocrx_word' id='word_1_455' title='bbox 1182 2701 1469 2748; x_wconf 88' lang='lat' dir='ltr'>numerantur,</span> <span class='ocrx_word' id='word_1_456' title='bbox 1488 2700 1791 2753; x_wconf 81' lang='lat' dir='ltr'>concipiuntur,</span> <span class='ocrx_word' id='word_1_457' title='bbox 1811 2698 2109 2752; x_wconf 88' lang='lat' dir='ltr'>imprimuntur</span> 
     </span>
     <span class='ocr_line' id='line_1_45' title="bbox 179 2756 2108 2813; baseline -0.002 -15"><span class='ocrx_word' id='word_1_458' title='bbox 179 2757 492 2811; x_wconf 82' lang='lat' dir='ltr'>depromuntur.</span> <span class='ocrx_word' id='word_1_459' title='bbox 513 2756 664 2798; x_wconf 85' lang='lat' dir='ltr'>Confer</span> <span class='ocrx_word' id='word_1_460' title='bbox 683 2772 788 2810; x_wconf 85' lang='lat' dir='ltr'>quae</span> <span class='ocrx_word' id='word_1_461' title='bbox 807 2760 934 2811; x_wconf 80' lang='lat' dir='ltr'>supra</span> <span class='ocrx_word' id='word_1_462' title='bbox 951 2766 1061 2812; x_wconf 74' lang='lat' dir='ltr'>part.</span> <span class='ocrx_word' id='word_1_463' title='bbox 1091 2759 1128 2798; x_wconf 76' lang='lat'>2.</span> <span class='ocrx_word' id='word_1_464' title='bbox 1149 2771 1216 2813; x_wconf 73' lang='lat' dir='ltr'>qu.</span> <span class='ocrx_word' id='word_1_465' title='bbox 1242 2758 1307 2798; x_wconf 80' lang='lat'>26.</span> <span class='ocrx_word' id='word_1_466' title='bbox 1329 2758 1357 2799; x_wconf 88' lang='grc'>81</span> <span class='ocrx_word' id='word_1_467' title='bbox 1377 2758 1446 2799; x_wconf 80' lang='lat'>27.</span> <span class='ocrx_word' id='word_1_468' title='bbox 1460 2759 1507 2799; x_wconf 88' lang='lat' dir='ltr'>de</span> <span class='ocrx_word' id='word_1_469' title='bbox 1526 2757 1773 2799; x_wconf 88' lang='lat' dir='ltr'>difficultate</span> <span class='ocrx_word' id='word_1_470' title='bbox 1789 2756 2108 2811; x_wconf 87' lang='lat' dir='ltr'>praedicationis</span> 
     </span>
     <span class='ocr_line' id='line_1_46' title="bbox 174 2815 2107 2871; baseline -0.001 -15"><span class='ocrx_word' id='word_1_471' title='bbox 174 2815 325 2869; x_wconf 76' lang='lat' dir='ltr'>legalis</span> <span class='ocrx_word' id='word_1_472' title='bbox 349 2815 537 2857; x_wconf 75' lang='lat' dir='ltr'>absolute</span> <span class='ocrx_word' id='word_1_473' title='bbox 555 2815 584 2857; x_wconf 78' lang='lat'>&amp;</span> <span class='ocrx_word' id='word_1_474' title='bbox 606 2817 843 2869; x_wconf 77' lang='lat' dir='ltr'>comparate</span> <span class='ocrx_word' id='word_1_475' title='bbox 861 2816 1146 2858; x_wconf 87' lang='lat' dir='ltr'>disseruimus.</span> <span class='ocrx_word' id='word_1_476' title='bbox 1181 2816 1221 2858; x_wconf 78' lang='lat' dir='ltr'>G.</span> <span class='ocrx_word' id='word_1_477' title='bbox 1257 2816 1363 2868; x_wconf 75' lang='lat' dir='ltr'>Quia</span> <span class='ocrx_word' id='word_1_478' title='bbox 1398 2816 1585 2857; x_wconf 87' lang='lat' dir='ltr'>infinitae</span> <span class='ocrx_word' id='word_1_479' title='bbox 1618 2815 1895 2871; x_wconf 83' lang='lat' dir='ltr'>exceptiones,</span> <span class='ocrx_word' id='word_1_480' title='bbox 1914 2815 2107 2869; x_wconf 86' lang='lat' dir='ltr'>replicae,</span> 
     </span>
    </p>

    <p class='ocr_par' dir='ltr' id='par_1_6' title="bbox 2035 2872 2110 2913">
     <span class='ocr_line' id='line_1_47' title="bbox 2035 2872 2110 2913; baseline 0 0"><span class='ocrx_word' id='word_1_481' title='bbox 2035 2872 2110 2913; x_wconf 87' lang='lat' dir='ltr'>du-</span> 
     </span>
    </p>
   </div>
  </div>
 </body>
</html>
