2399 3084
644 80 1552 123 D1S1›.X.DEREGENERAUONE.
1989 77 2072 121 277

135 207 170 248 1.
190 207 256 246 30.
291 205 351 247 Ut
367 208 507 246 autem
525 204 667 246 omnia
685 204 733 245 de
752 203 919 245 Christo
943 218 1026 244 una
1043 202 1164 256 quasi
1180 202 1338 243 tabella
1357 201 1474 257 [pag.
1495 200 1602 256 440]
1622 200 1896 242 exhibeamus
1923 200 1960 241 1.
1994 199 2073 242 Est

131 280 254 306 causa
287 264 441 305 directe
473 263 695 317 &physice
720 262 906 304 efficiens
939 261 1314 316 regenerationem,
1348 263 1552 314 tanquam
1588 259 1705 301 Deus
1727 258 2024 309 sanctificator,
2043 260 2072 301 81

130 323 302 377 spiritus
326 322 668 363 sanctificationis
692 323 884 371 (Roman.
918 335 1007 375 cap.
1043 321 1082 360 1.
1113 333 1218 361 vers.
1251 319 1306 369 4.)
1335 334 1417 359 una
1434 333 1527 360 cum
1549 320 1669 372 patre
1687 319 1716 360 &
1733 317 1886 372 spiritu
1905 320 2072 367 sanct03

130 383 252 436 idque
281 396 331 422 ex
353 382 447 435 jure
480 396 643 421 summo
679 382 707 422 &
740 382 949 434 potestate
966 379 1115 433 prima,
1134 393 1241 432 quae
1264 377 1328 418 illi
1345 377 1576 418 communis
1594 379 1657 418 est
1679 391 1773 417 cum
1791 379 1909 431 patre
1929 378 1958 419 &
1977 375 2073 430 Spi-

127 442 211 482 ritu
249 439 414 481 Sancto.
449 439 505 480 Et
543 439 609 480 1110
629 440 748 486 λόγος
766 438 871 476 <am-5.
886 441 1111 485 θεολογίαν.
1149 438 1187 478 2.
1215 436 1294 478 Est
1311 451 1436 477 causa
1454 435 1640 477 efficiens
1658 435 1846 486 eandem,
1865 434 2020 476 directe
2043 436 2073 477 &

130 499 302 554 physice
325 499 551 539 secundum
570 500 597 540 ἃ
616 513 690 552 per
707 497 904 552 spiritum
928 495 1275 538 sanctificationis
1291 495 1388 550 (hoc
1418 497 1481 535 est
1505 497 1720 535 aeternam
1737 494 1956 545 deitatem)
1974 508 2073 548 gra-

128 559 188 599 tia
221 558 310 599 scil.
345 557 503 598 efficaci
528 572 601 597 seu
623 556 902 610 omnipotenti
935 555 1141 596 facilitate
1179 556 1208 596 &
1245 553 1362 595 facili
1379 552 1703 607 omnipotentia3
1737 553 1808 594 sed
1828 567 1877 593 ex
1889 553 1984 607 jure
2001 567 2073 594 seu

128 619 337 671 potestate
359 615 549 656 inferiori
572 616 844 669 dependente,
869 614 1153 664 subordinata,
1191 613 1234 653 in
1267 615 1456 666 tempore
1479 614 1571 652 orta
1599 626 1672 671 seu
1689 611 1904 665 producta,
1923 611 2073 665 illique

129 690 335 725 concessa,
354 677 560 728 quatenus
578 677 641 715 est
662 675 774 714 filius
792 673 975 714 hominis
991 673 1021 714 St
1039 672 1256 716 mediator.
1274 671 1330 712 Et
1352 671 1421 712 hic
1440 670 1560 717 λόγος
1579 683 1657 708 mr
1687 669 1910 718 ὲικονομῐαυ.
1934 670 1974 712 3.
1996 670 2075 711 Est

129 749 254 775 causa
277 733 549 774 subordinata
566 733 804 780 meritoria3
824 747 930 785 quae
952 747 1036 772 non
1055 731 1208 772 directe
1226 732 1255 772 81
1273 730 1458 784 physice,
1483 730 1554 770 sed
1569 728 1784 769 moraliter
1801 742 1875 781 per
1900 729 2066 770 modun]

128 792 438 847 impetrationis
471 794 500 834 ἃ
531 791 672 832 meriti
703 793 909 845 quatenus
938 790 1141 831 mediator
1173 792 1318 830 causat
1341 788 1724 843 regenerationem3
1755 786 1905 829 &haec
1926 787 2073 829 itidem

128 851 393 893 Oeconoinia.
427 854 465 891 4.
498 851 577 891 Est
595 865 718 892 causa
742 850 1016 903 exemplaris:
1038 857 1125 891 tune.
1143 863 1352 902 suprema,
1376 863 1459 888 una
1477 862 1570 888 cum
1589 849 1708 901 patre
1732 846 1761 887 Sc
1793 843 1903 898 Spir.
1923 845 1964 887 S.
1991 848 2071 901 (se-

128 911 309 951 cundum
326 909 602 963 Theologiam
618 925 626 958 ;
660 918 749 951 lum
781 909 954 950 inferior
981 910 1008 951 ἃ
1027 907 1313 957 subordinata,
1337 921 1419 960 qua
1437 906 1655 956 mediator,
1673 905 1797 958 idque
1816 903 1858 944 in
1878 905 1966 946 vita
1983 906 2012 947 811
2029 904 2072 945 111

128 971 261 1010 morte
295 984 369 1010 sua
403 969 631 1009 secundum
664 967 991 1021 Oeconomiam).
1026 967 1240 1016 Quomodo
1274 968 1415 1006 autem
1433 965 1548 1006 notio
1567 979 1715 1005 causae
1733 963 1999 1018 exemplaris,
2019 963 2072 1018 (si

128 1043 217 1069 rem
248 1028 291 1068 in
324 1027 462 1081 rigore
500 1027 827 1074 consideremus)
861 1027 994 1080 possit
1027 1025 1167 1067 ieduci
1200 1025 1355 1078 partim
1381 1024 1433 1065 ad
1450 1022 1830 1072 instrumentalem,
1849 1022 2005 1077 partim
2022 1022 2073 1062 ad

128 1086 487 1141 procatarcticam,
505 1086 700 1126 nolumus
723 1086 791 1126 hic
810 1087 896 1123 λίκν
916 1084 1119 1133 &mastix
1135 1083 1383 1137 praesertim
1406 1097 1497 1124 011111
1518 1081 1669 1123 divinis
1688 1081 1753 1122 his
1771 1081 1983 1133 mysteriis
1998 1095 2073 1122 no-

127 1146 262 1187 tiones
291 1147 319 1187 &
350 1145 630 1185 formalitates
663 1143 979 1198 philosophicae
1005 1142 1210 1197 applicari
1227 1156 1391 1196 semper
1414 1156 1545 1196 aeque
1563 1140 1777 1182 commodo
1797 1140 1827 1181 81
1848 1143 2074 1187 θεοπρεπῶς

128 1219 203 1246 1100
220 1205 399 1245 debeant
416 1218 491 1244 nec
508 1203 682 1257 possint.
706 1202 924 1244 Suffecerit
941 1202 1125 1243 melioris
1144 1201 1355 1242 doctrinae
1374 1215 1512 1251 causa,
1535 1200 1644 1241 hanc
1660 1199 1797 1240 lucem
1814 1201 2071 1242 inaccessam

128 1279 209 1317 quo
242 1265 382 1317 potest
418 1263 539 1303 modo
563 1262 748 1316 depingi.
782 1261 864 1303 Sed
882 1262 931 1302 de
949 1260 1179 1314 exemplari
1201 1274 1298 1301 mox
1321 1259 1553 1300 dicendum.
1588 1257 1708 1307 Quod
1729 1258 1781 1299 ad
1797 1257 2072 1314 procatarcti-

127 1337 232 1372 cain,
254 1322 494 1376 propinqua
515 1336 590 1374 per
606 1322 775 1362 modum
793 1319 932 1361 meriti
955 1321 983 1362 ἃ
1000 1318 1311 1373 impetrationis
1334 1318 1375 1359 in
1399 1318 1543 1359 ordine
1567 1318 1618 1358 ad
1636 1316 1774 1358 Deum
1793 1321 1856 1360 est
1873 1316 2071 1359 obedien-

126 1381 187 1422 tia
218 1380 377 1422 Christi
413 1380 655 1421 mediatoris
677 1380 823 1421 Jolzan.
858 1379 920 1419 17.
944 1380 1009 1419 19.
1036 1380 1071 1420 T
1071 1379 1110 1420 ι’ί.
1131 1379 1168 1418 2.
1194 1377 1261 1418 14.
1280 1377 1386 1431 Eplzv.
1408 1377 1447 1418 5.
1467 1377 1535 1417 25.
1555 1377 1623 1417 26.
1640 1375 1755 1424 Quae
1773 1375 2072 1419 consideranda

126 1440 193 1481 vel
230 1439 526 1480 universaliter
557 1439 599 1479 in
627 1441 715 1479 toto
740 1439 850 1480 vitae
865 1438 1090 1486 curriculo3
1109 1437 1175 1478 vel
1194 1435 1507 1490 particulariter
1528 1435 1572 1476 in
1590 1437 1724 1476 morte
1742 1437 1772 1479 81
1789 1433 2071 1490 perpessioni-

126 1499 216 1540 bus.
250 1498 368 1539 Haec
398 1498 528 1539 habet
559 1498 766 1539 rationem
783 1497 924 1538 meriti
941 1495 1240 1538 satisfactorii:
1274 1509 1372 1536 nam
1407 1495 1452 1535 in
1483 1494 1628 1535 ordine
1662 1494 1715 1535 ad
1739 1495 1878 1536 Deum
1897 1496 2067 1546 ejusque

121 1557 334 1611 justitiam
357 1557 509 1598 dicitur
526 1556 782 1606 satisfactio;
815 1556 859 1596 111
877 1556 1020 1597 ordine
1038 1555 1090 1596 ad
1105 1569 1180 1595 nos
1199 1553 1352 1595 dicitur
1371 1553 1582 1605 meritum,
1600 1567 1675 1607 pro
1694 1554 1915 1595 commissa
1933 1552 2070 1606 culpa.

126 1617 205 1658 Illa
227 1631 324 1657 vero
346 1615 553 1656 rationem
580 1616 710 1656 habet
742 1614 896 1664 meriti,
931 1615 1059 1656 etiam
1092 1612 1364 1655 satisfactorii
1397 1615 1590 1666 respectu
1620 1612 1753 1653 debiti
1771 1610 2022 1654 universalis
2041 1610 2070 1652 81

127 1675 336 1729 perfectae
368 1673 628 1715 obedientiae
662 1675 771 1727 quod
802 1674 868 1714 lex
904 1673 955 1714 ad
987 1673 1119 1714 vitam
1147 1671 1278 1726 exigit
1297 1672 1430 1726 Galat.
1451 1672 1489 1713 3.
1509 1670 1640 1724 quue
1658 1671 1848 1712 ordinem
1872 1670 2000 1711 habet
2018 1669 2070 1710 ad

126 1734 262 1776 Deum
280 1734 309 1775 81
327 1733 378 1773 ad
395 1747 483 1774 nos.
516 1732 725 1786 Respectu
747 1732 849 1774 Dei:
874 1732 1026 1787 dicitur
1054 1731 1307 1785 satisfacti&
1339 1730 1439 1784 quia
1467 1730 1554 1784 ejus
1582 1729 1667 1783 juri
1685 1730 1860 1771 satisfit:
1880 1730 2070 1783 respectu

124 1792 257 1834 nostri
290 1791 442 1833 dicitur
476 1792 683 1842 meritum,
703 1791 802 1845 quia
818 1791 883 1845 jus
901 1792 930 1833 ἃ
948 1790 1183 1844 praemium
1199 1789 1312 1830 vitae
1335 1791 1530 1837 aeternae
1549 1788 1669 1829 nobis
1687 1788 1887 1842 impetrat
1905 1802 1951 1828 ac
1974 1801 2069 1827 me-

124 1854 252 1893 retur.
287 1850 537 1892 Obedientia
569 1852 598 1892 &
625 1850 793 1904 justitia
825 1849 971 1891 mortis
1004 1864 1077 1890 seu
1104 1847 1399 1902 perpessionis,
1419 1862 1546 1900 quam
1562 1846 1861 1901 particularem
1882 1848 1911 1889 &
1934 1846 2069 1900 hypo-

124 1910 327 1952 theticam
360 1911 427 1965 (ex
459 1909 686 1963 hypothesi
718 1909 860 1962 lapsus
891 1910 919 1950 &
951 1908 1112 1962 peccati
1142 1906 1292 1959 nostri)
1325 1907 1538 1960 appellare
1574 1920 1810 1959 possumus,
1844 1908 1908 1946 est
1941 1918 2068 1945 causa

125 1968 426 2023 procatarctica
459 1969 487 2010 81
509 1967 725 2009 meritoria
756 1967 1101 2022 regenerationis,
1120 1965 1417 2015 conversionis,
1438 1964 1795 2014 sanctificationis,
1815 1966 1844 2006 &
1866 1962 2069 2005 sanctita-

124 2028 179 2069 tis
196 2030 363 2069 nostrae
380 2026 545 2068 infusae
569 2029 694 2080 atque
711 2026 984 2076 inhaerentis,
1007 2025 1254 2080 propinque,
1274 2023 1531 2078 dispositive,
1550 2026 1865 2077 consequenter,
1886 2037 1961 2076 per
1978 2036 2069 2062 mo-

125 2087 224 2128 dum
252 2086 341 2127 scil.
373 2085 597 2127 necessarii
621 2085 905 2127 antecedentis
923 2085 953 2126 Sc
970 2083 1287 2138 praeparatorii,
1322 2097 1396 2124 seu
1428 2082 1680 2124 removentis
1704 2081 2068 2136 impedimentum,

125 2148 341 2199 peccatum
359 2144 463 2195 scil„
481 2144 588 2185 iram
605 2143 699 2192 Dei,
718 2145 746 2186 &
764 2144 1115 2192 maledictionem,
1129 2142 1158 2183 81
1174 2142 1232 2183 sic
1243 2141 1567 2195 intelligendum
1579 2143 1778 2194 putamus
1791 2141 1929 2181 locum
1943 2138 2068 2180 Hebr.

126 2205 165 2244 9.
194 2204 259 2244 14.
280 2202 530 2244 Obedientia
547 2218 645 2244 vero
662 2218 736 2244 seu
749 2202 917 2257 justitia
935 2201 1198 2251 universalis,
1227 2215 1334 2254 quae
1353 2200 1456 2242 vilae
1473 2199 1501 2240 &
1523 2200 1654 2241 activa
1673 2199 1753 2240 dici
1771 2199 1877 2240 solet
1896 2200 2069 2252 (quam-

125 2263 188 2304 vis
226 2262 277 2302 ad
309 2262 417 2302 hanc
444 2261 489 2301 in
505 2263 595 2302 tota
614 2262 731 2316 [pag.
751 2261 857 2316 441]
878 2261 1100 2302 latitudine
1123 2275 1197 2301 sua
1215 2261 1428 2313 acceptam
1447 2259 1575 2300 etiam
1592 2258 1759 2312 passiva
1780 2256 1921 2298 reduci
1938 2255 2070 2310 possit

125 2336 172 2362 ac
189 2321 351 2368 debeat,
369 2322 572 2373 tanquam
595 2320 822 2375 singularis
840 2320 869 2361 &
887 2319 1159 2374 hypothetica
1177 2318 1381 2372 quaedam
1400 2317 1602 2368 extensio,
1641 2317 1692 2357 ad
1713 2316 1817 2357 talia
1835 2314 2064 2364 subeunda,

125 2394 199 2421 seu
232 2379 275 2419 in
311 2378 387 2419 tali
421 2380 494 2418 aut
523 2378 601 2419 tali
633 2378 824 2429 materia,
857 2379 1032 2432 objecto,
1066 2377 1294 2427 occasione,
1328 2375 1609 2418 obedientiam
1631 2390 1750 2416 suam
1767 2372 2071 2416 ostendendam

127 2439 236 2480 Phil.
271 2438 328 2492 2.)
352 2439 414 2478 est
436 2451 560 2477 causa
576 2437 877 2490 procatarctica
895 2438 924 2478 &
941 2436 1156 2478 meritoria
1172 2437 1339 2476 nostrae
1357 2434 1700 2489 regenerationis,
1731 2433 1760 2475 &1
1778 2433 1954 2474 collatae
1973 2446 2072 2472 san-

125 2496 284 2538 ctitatis
317 2495 589 2546 inhaerentis,
620 2496 809 2549 proxime
826 2495 1080 2545 immediate,
1100 2495 1129 2536 &
1150 2493 1398 2534 formaliter.
1418 2493 1546 2533 Porro
1563 2493 1606 2533 in
1625 2493 1704 2533 hac
1720 2490 1958 2533 obedientia
1976 2504 2069 2544 pas-

125 2556 214 2597 siva
237 2557 381 2609 (quam
403 2554 463 2595 ita
499 2554 710 2606 vocamus)
744 2554 937 2595 distincte
960 2553 1268 2595 consideramus
1291 2549 1335 2588 τὲ
1359 2551 1590 2600 materiale,
1614 2553 1792 2592 mortem
1811 2549 1898 2600 scil,
1918 2549 1947 2591 &
1970 2563 2065 2603 pas-

125 2614 281 2662 siones3
305 2615 335 2655 81
361 2611 405 2650 τὲ
430 2612 620 2663 formale,
654 2612 935 2654 obedientiam
967 2612 1056 2654 scil.
1087 2611 1318 2652 innocentis
1346 2610 1556 2664 sponsoris
1586 2610 1675 2651 Deo
1692 2609 1780 2650 vice
1798 2608 1931 2650 nostri
1948 2622 2070 2662 prae-

125 2672 282 2713 stitam.
316 2671 421 2713 Cum
451 2673 592 2712 autem
624 2671 759 2712 forma
801 2671 870 2712 det
899 2686 988 2712 esse
1021 2670 1093 2719 rei,
1129 2671 1157 2711 81
1192 2669 1472 2723 operationes,
1491 2683 1717 2722 earumque
1735 2668 1811 2719 vis,
1830 2666 2025 2713 efficacia,
2044 2667 2073 2708 Sz

126 2729 309 2785 dignitas
341 2731 396 2772 sit
429 2732 453 2771 a
486 2730 640 2771 forma:
679 2729 867 2771 videmus
884 2729 1090 2783 quomodo
1119 2728 1357 2781 accipienda
1375 2727 1460 2768 sint
1476 2727 1586 2768 dicta
1603 2727 1677 2767 illa
1698 2726 1944 2781 scripturae,
1963 2739 2069 2779 quae

125 2789 402 2842 metonymice
433 2789 463 2831 &
497 2788 791 2844 synecdochice
829 2787 1025 2844 sanguini
1062 2789 1135 2828 aut
1167 2786 1291 2828 morti
1329 2785 1487 2828 Christi
1507 2785 1703 2827 virtutem
1721 2783 2064 2828 sanctificationis

1902 2845 2069 2883 nostrae
