2399 3084
341 95 484 139 Disr.
530 95 614 139 VI.
663 97 735 139 DE
782 95 1193 138 Paopmlmom
1241 94 1465 136 Psscmm
1512 92 1859 138 ORIGINALIS.
1994 94 2075 136 157

140 222 277 265 Hieras
302 235 524 262 conversus
541 221 728 262 ‚Judaeus
746 222 791 262 in
812 221 982 276 epitome
998 220 1206 262 (leocritiae
1234 219 1289 261 ΤΙι
1299 218 1530 261 (11111111110110
1544 231 1585 271 p.
1605 218 1701 260 264.
1722 234 1771 260 ex
1791 220 1890 263 edit.
1908 219 2078 261 Pistorii

137 280 332 322 cumillis
357 279 630 333 scriptoribus
649 278 928 329 Cabalisticis,
951 279 995 318 in
1012 278 1086 320 fol.

197 339 252 380 Et
283 338 386 379 haec
413 338 464 378 ad
482 338 770 391 quaestionem
793 338 992 391 priorem:
1014 337 1065 377 ad
1086 336 1360 390 posteriorem
1378 335 1674 389 respondemus
1693 336 1784 377 istis
1802 337 2078 378 conclusioni-

137 399 226 439 bus.
260 396 293 438 I.
317 398 449 439 Concl.
477 396 616 437 Deum
633 399 706 437 aut
723 411 796 450 per
818 396 1069 437 creationem
1093 397 1121 437 ἃ
1140 395 1395 435 infusionem
1413 394 1701 435 immediatam
1719 395 1896 446 animae,
1915 399 1988 436 aut
2006 410 2079 449 per

139 470 384 497 concursum
401 470 495 496 011111
513 455 782 509 generatione
804 454 1002 504 hominis,
1020 468 1102 507 qua
1117 453 1243 493 homo
1265 455 1440 507 generat
1457 452 1685 503 hominem,
1701 468 1783 493 non
1807 469 1894 495 0330
1911 469 2079 495 causam

138 529 210 569 per
227 529 270 555 se
291 517 363 554 3111
380 514 546 567 proprie
565 514 718 554 dictam
738 513 895 566 peccati
912 511 1131 566 originalis
1148 526 1230 565 qua
1251 511 1363 560 talis,
1383 513 1456 551 aut
1473 510 1761 564 principalem,
1780 515 1853 553 aut
1870 512 2078 554 meritori-

138 588 219 623 am,
238 575 311 614 aut
328 572 706 613 instrumentalem:
730 571 811 612 Vel
830 571 900 621 sic,
920 570 1057 611 Deum
1079 585 1154 611 nec
1166 572 1214 610 ut
1231 572 1460 610 creatorem
1478 583 1551 622 per
1567 569 1746 622 primam
1764 570 1945 611 hominis
1967 585 2081 612 crea-

136 632 316 680 tionem;
351 645 426 671 nec
458 634 505 671 ut
539 633 655 684 [pag.
694 629 826 683 1099]
860 629 1187 683 gubernatorem
1219 643 1293 681 per
1326 627 1631 681 providentiam
1663 631 1735 669 aut
1763 629 1870 670 circa
1897 630 2079 683 primum

138 692 354 744 peccatum
388 688 554 739 Adami,
588 691 661 729 aut
692 688 800 729 circa
832 687 1146 741 generationem
1179 701 1213 727 e.
1248 701 1288 740 g.
1324 686 1441 736 Titii,
1475 700 1562 727 esse
1580 686 1668 727 ulla
1685 687 1845 728 ratione
1862 688 2080 742 originalis

138 748 310 802 peccati,
343 763 425 802 qua
458 747 617 801 peccati
650 761 818 787 causam
852 761 926 799 per
946 760 988 785 se
1022 748 1095 786 aut
1124 745 1292 799 proprie
1310 746 1481 785 dictam:
1504 745 1694 797 quamvis
1712 748 1759 786 ut
1776 746 2033 800 gubernator
2051 748 2080 788 &

132 808 271 859 justus
284 807 411 859 judex
429 806 483 847 sit
501 820 626 847 031133
637 804 924 859 poenaeistius
936 819 1008 844 seu
1022 804 1208 857 poenalis
1221 804 1397 856 &justae
1412 803 1744 855 substractionis,
1758 819 1839 857 qua
1853 804 2080 855 subtrahit,

138 866 179 906 id
212 867 275 906 est
307 880 390 905 non
423 864 584 905 confert
616 865 645 905 81
663 863 945 916 00111111·0(111011
963 863 1191 917 imaginem
1210 877 1328 902 suam
1346 877 1439 903 cum
1458 864 1618 902 confert
1637 863 1665 904 St
1687 863 1878 915 producit
1896 863 2080 904 animam

138 924 365 964 humanam
397 923 525 978 (quod
557 922 743 975 alioquin
765 921 865 962 fecit
882 921 924 961 in
946 922 1216 975 generatione
1237 921 1394 961 Christi
1411 920 1610 973 hominis)
1629 921 1684 961 sit
1705 921 1833 962 etiam
1851 936 1975 963 causa
1991 937 2081 963 om-

137 982 253 1023 nium
288 982 466 1022 aliorum
502 981 838 1022 antecedentium
866 980 1025 1033 peccati
1057 979 1275 1034 originalis
1308 979 1491 1033 conjugii
1523 994 1577 1019 sc.
1612 980 1894 1032 productionis
1917 980 2080 1021 animae

138 1041 347 1081 humanae
381 1040 410 1081 81
431 1040 560 1080 1011113
587 1039 820 1092 compositi,
839 1039 890 1079 ad
907 1053 1012 1091 (11130
1030 1038 1262 1079 necessario
1281 1038 1469 1090 sequitur
1485 1039 1514 1080 ἃ
1533 1038 1675 1078 existit
1691 1038 1735 1078 111
1751 1039 1919 1080 1101111110
1936 1040 2082 1092 quovis

137 1102 351 1152 peccatum
384 1098 601 1153 originale.
627 1096 878 1147 Subtractio,
903 1097 951 1137 de
981 1111 1063 1149 qua
1085 1097 1308 1149 loquimur,
1327 1097 1517 1137 consistit
1534 1110 1614 1136 non
1638 1096 1680 1136 in
1699 1100 1794 1138 actu
1810 1098 1989 1151 positivo
2012 1099 2080 1138 sed

142 1157 377 1198 formaliter
394 1157 437 1197 in
455 1156 618 1197 defectu
637 1171 709 1197 seu
726 1155 961 1197 deficientia
978 1155 1188 1209 negativa,
1208 1156 1237 1197 8(
1254 1155 1419 1208 proprie
1436 1155 1478 1195 in
1497 1170 1578 1195 11011
1601 1155 1767 1196 datione
1791 1156 1988 1210 imaginis
2010 1171 2082 1197 seu

139 1216 235 1257 doni
253 1216 490 1271 dirigentis,
507 1215 762 1269 perficientis
782 1216 811 1256 ἃ
828 1214 1105 1254 modificantis
1123 1215 1307 1254 mentem
1325 1215 1354 1255 Sc
1374 1214 1630 1254 voluntatem
1645 1228 1653 1262 3
1678 1215 1787 1267 quod
1804 1215 1959 1255 bonum
1977 1215 2081 1255 alio-

138 1275 239 1327 quin
271 1275 463 1315 absolute
495 1274 593 1314 dare
625 1276 778 1327 posset,
811 1273 1002 1326 quodque
1036 1287 1085 1312 ex
1113 1272 1206 1326 lege
1239 1272 1268 1313 &
1294 1271 1488 1313 instituto
1506 1272 1664 1324 primae
1681 1273 1902 1313 creationis
1920 1288 2084 1326 semper

137 1333 329 1373 dedisset:
349 1332 446 1374 Non
464 1332 576 1373 enim
593 1333 635 1372 in
653 1331 867 1386 supposito
885 1345 958 1371 suo
978 1333 1102 1371 antea
1118 1330 1270 1381 Titius,
1290 1333 1362 1371 aut
1374 1330 1513 1371 anima
1527 1329 1630 1371 Titii
1640 1330 1791 1371 habuit
1802 1331 2081 1372 innocentiam

138 1393 167 1434 &
202 1391 432 1445 imaginem
464 1390 558 1438 Dei,
593 1405 718 1444 quam
751 1389 863 1431 Deus
888 1404 961 1442 per
979 1404 1126 1443 corpus
1149 1391 1178 1431 81
1197 1389 1394 1430 unionem
1412 1403 1505 1429 cum
1523 1403 1692 1442 corpore
1712 1392 1856 1442 postea
1877 1389 2080 1437 auferret:

137 1451 208 1491 sed
226 1450 384 1491 ablatio
402 1452 567 1490 tantum
586 1449 737 1490 dicitur
754 1450 945 1502 respectu
962 1448 1049 1501 ejus
1067 1448 1163 1488 doni
1182 1447 1378 1502 imaginis
1397 1448 1507 1500 quod
1524 1447 1674 1488 habuit
1686 1448 1729 1488 in
1743 1447 1906 1489 Adamo
1918 1448 2079 1489 ratione

137 1509 368 1549 communis
399 1510 590 1559 naturae,
609 1511 812 1561 tanquam
830 1507 873 1547 in
891 1507 1101 1548 communi
1120 1507 1257 1547 radice
1280 1506 1464 1547 naturali
1482 1507 1511 1548 &
1529 1506 1730 1547 foederali
1746 1506 1790 1546 in
1809 1509 1890 1560 qua
1906 1510 2081 1548 natura-

137 1567 234 1607 liter
265 1569 295 1609 81
326 1567 542 1608 moraliter
573 1581 646 1608 seu
682 1566 950 1616 foederaliter
983 1565 1192 1606 exstitisse
1225 1566 1254 1607 &
1285 1567 1504 1618 reputatus
1537 1579 1624 1605 esse
1654 1565 1910 1620 intelligitur
1926 1567 1956 1608 81
1973 1566 2082 1619 (1110(1

137 1625 354 1666 habuisset
388 1626 439 1666 ad
457 1625 695 1678 exemplum
712 1624 867 1665 Adami
884 1624 927 1664 in
945 1638 988 1664 se
1006 1623 1095 1676 ipso
1113 1638 1186 1664 seu
1207 1624 1251 1664 in
1268 1624 1479 1678 supposito
1494 1638 1567 1664 suo
1585 1623 1627 1664 in
1646 1625 1676 1666 St
1692 1638 1786 1664 cum
1803 1624 1939 1677 primo
1955 1638 2081 1679 gene-

141 1683 313 1724 rationis
345 1698 442 1724 suae
476 1686 698 1734 momento,
733 1698 865 1736 aeque
901 1697 948 1724 ac
978 1682 1108 1722 habet
1138 1685 1332 1723 naturam
1364 1683 1393 1724 81
1425 1682 1667 1723 essentialia
1691 1681 1887 1733 hominis,
1907 1683 2081 1723 simulac

139 1742 330 1796 genitum
362 1745 426 1783 est
456 1742 733 1795 compositum
764 1741 996 1781 humanum
1028 1741 1109 1795 (uti
1140 1741 1379 1781 habuerunt
1409 1740 1514 1781 illud
1531 1739 1732 1791 Adamus,
1750 1740 1854 1792 Eva,
1873 1740 2082 1795 Christus)

140 1800 220 1841 nisi
232 1803 448 1854 peccatum
461 1800 644 1854 primum
656 1799 945 1853 protoplaston
956 1799 1270 1849 intercessisset,
1285 1800 1314 1841 &
1326 1801 1490 1839 reatum
1503 1797 1616 1839 Titio
1628 1799 2082 1853 imposuisset,propter

140 1873 265 1913 quem
292 1860 404 1913 juste
436 1859 514 1900 hoc
538 1858 689 1899 eximio
708 1857 837 1898 (1311111
855 1859 883 1899 ὣ
902 1858 1087 1910 3110(111111
1106 1858 1239 1897 dando
1262 1858 1367 1898 dono
1384 1857 1623 1910 deprivatus
1647 1860 1721 1899 est.
1754 1856 1808 1899 IL
1830 1858 1960 1900 Com-l.
1980 1857 2082 1899 Con-

136 1918 304 1972 jugium
322 1918 351 1959 81
369 1917 702 1971 conjunctionem
720 1916 996 1970 conjugalem,
1016 1918 1088 1956 aut
1104 1915 1419 1969 generationem
1435 1915 1631 1966 hominis,
1650 1918 1723 1956 aut
1744 1918 1939 1969 parentes
1956 1930 2083 1970 gene—

142 1979 294 2027 rantes,
327 1979 401 2017 aut
423 1991 578 2026 semen,
597 1978 669 2016 aut
686 1989 848 2028 corpus,
866 1989 948 2015 non
967 1989 1056 2015 esse
1073 1988 1242 2014 causam
1263 1989 1337 2027 per
1355 1988 1397 2014 se
1414 1976 1487 2014 aut
1503 1974 1670 2027 proprie
1687 1974 1840 2015 dictam
1861 1974 1948 2016 sive
1965 1974 2082 2028 prin-

142 2034 332 2088 cipalem,
356 2035 440 2076 sive
457 2034 841 2075 instrumentalem:
866 2033 937 2074 sed
955 2047 1042 2073 esse
1061 2047 1229 2074 causam
1244 2047 1319 2086 per
1336 2032 1539 2083 accidens,
1556 2032 1634 2073 hoc
1651 2035 1714 2073 est
1730 2033 1897 2086 proprie
1914 2036 2081 2074 antece-

143 2093 263 2143 dens,
296 2094 349 2133 ad
380 2094 490 2146 quod
520 2092 752 2134 necessario
781 2092 1029 2133 necessitate
1057 2091 1377 2144 consequentiae
1400 2090 1590 2144 sequitur
1617 2093 1834 2145 peccatum
1851 2092 2079 2146 originale,

143 2166 216 2192 seu
235 2165 322 2192 esse
339 2151 522 2192 inedium
538 2153 612 2192 aut
623 2165 791 2192 causam
804 2151 893 2191 sine
906 2164 988 2203 qua
1000 2164 1082 2190 non
1096 2149 1383 2190 traduceretur
1395 2149 1447 2189 ad
1465 2148 1626 2189 Titium
1642 2182 1650 2200 ,
1674 2152 1746 2190 aut
1765 2149 1808 2190 in
1829 2150 1901 2190 1110
1926 2150 2079 2191 existe-

144 2212 220 2250 ret.
240 2208 347 2257 Quia
378 2209 490 2250 enim
520 2224 595 2263 per
627 2210 701 2250 illa
729 2209 972 2263 producitur
1001 2209 1235 2262 subjectum
1265 2207 1435 2261 peccati,
1456 2206 1593 2248 Titius
1626 2208 1714 2248 scil.
1748 2208 1854 2262 (sine
1887 2223 1970 2262 quo
1996 2223 2079 2249 non

148 2270 213 2308 est
246 2270 462 2321 peccatum
498 2266 620 2321 Titii)
653 2268 780 2322 vulgo
804 2268 874 2308 sed
906 2266 1151 2321 improprie)
1185 2266 1401 2320 generatio
1420 2265 1490 2318 qui
1515 2266 1689 2306 simulac
1706 2269 1783 2317 est,
1815 2266 1904 2307 sine
1934 2266 2079 2308 morbo

144 2326 218 2366 illo
256 2326 409 2381 (posito
446 2340 555 2366 nunc
586 2326 707 2379 lapsu
739 2326 911 2379 Adami)
944 2340 1027 2366 non
1059 2326 1161 2366 erit:
1204 2325 1302 2365 hinc
1347 2324 1563 2378 generatio
1598 2324 1808 2365 ordinaria
1840 2340 1889 2366 ex
1921 2325 2079 2366 semine

146 2385 330 2425 humano
344 2384 499 2425 dicitur
516 2384 866 2435 causa,·medium,
885 2384 1209 2425 instrumentum
1228 2382 1542 2437 propagationis
1560 2382 1589 2424 St
1606 2383 1889 2436 productionis
1906 2384 2078 2438 peccati:

145 2443 254 2496 quod
277 2443 325 2483 de
345 2457 469 2483 causa
491 2442 578 2483 sine
601 2456 684 2496 qua
701 2457 781 2483 non
799 2457 872 2483 3011
895 2457 967 2496 per
984 2442 1172 2483 accidens
1188 2442 1355 2495 proprie
1372 2440 1693 2495 intelligendum
1710 2447 1785 2483 est.
1818 2442 1947 2483 Porro
1965 2445 2012 2483 ut
2029 2457 2076 2483 ex

145 2501 338 2541 omnibus
383 2500 723 2541 antecedentibus
756 2501 999 2542 necessariis
1022 2501 1296 2542 desumuntur
1323 2500 1443 2553 signa
1465 2499 1698 2540 necessaria
1721 2501 1750 2542 ἃ
1767 2503 1953 2549 τεκμήρια
1972 2514 2078 2553 quae

146 2559 426 2600 necessarium
458 2561 555 2599 sunt
586 2560 895 2613 argumentum,
928 2560 957 2601 Sz
989 2559 1096 2600 ratio
1127 2558 1449 2612 consequentiae
1481 2557 1510 2599 &
1533 2557 1827 2611 eognoscendi;
1845 2572 1920 2599 nec
1936 2561 2077 2599 tamen

146 2632 252 2671 pura
275 2617 563 2658 antecedentia
590 2619 688 2657 sunt
704 2631 828 2658 causa
845 2617 1067 2658 existentia
1080 2632 1152 2658 seu
1166 2617 1328 2658 essendi
1342 2616 1460 2671 [pag.
1481 2616 1500 2655 1
1511 2616 1615 2670 100]
1633 2631 1708 2670 per
1723 2630 1788 2657 se:
1808 2617 1866 2658 sic
1883 2617 2010 2658 etiam
2027 2631 2077 2657 ex

146 2675 355 2717 ordinaria
376 2674 646 2730 generatione
663 2674 861 2726 humana,
880 2676 910 2717 &
931 2678 1025 2716 ortu
1046 2675 1228 2716 hominis
1246 2689 1320 2729 per
1341 2675 1458 2715 illam
1476 2673 1759 2716 infallibiliter
1780 2675 2076 2726 concludimus,

146 2733 358 2774 hominem
376 2734 497 2774 illum
515 2747 603 2774 esse
626 2733 720 2774 labe
742 2733 937 2788 originali
955 2733 1170 2785 intectum,
1183 2734 1305 2787 juxta
1321 2733 1425 2773 illud
1445 2731 1543 2774 Joh.
1563 2733 1602 2774 3.
1623 2734 1742 2785 Quod
1756 2734 1943 2788 yemium
1959 2741 2015 2775 esc
2030 2747 2079 2775 ea·

146 2805 269 2833 carne
284 2806 378 2833 caro
394 2800 463 2834 ese.
482 2791 570 2834 Nec
587 2794 727 2833 tamen
746 2791 963 2833 dicendum
982 2792 1265 2845 generatione,
1283 2794 1356 2833 aut
1374 2791 1592 2832 materiam
1610 2794 1683 2832 aut
1699 2792 1991 2844 instrumenta,
2004 2795 2079 2832 aut

1930 2864 2075 2892 causas
