2399 3084
584 116 740 162 D1sp.
771 116 976 160 X11.D12
1009 117 1158 161 LEGE
1191 133 1251 160 ET
1283 119 1646 161 Euinanmo.
2005 120 2087 161 367

155 240 346 280 textuum
364 237 566 292 legalium
588 238 732 279 mirari
750 240 778 281 ἃ
792 239 955 280 sectari.
975 238 1089 287 Quod
1108 239 1195 281 scil.
1214 239 1290 281 hoc
1308 242 1395 282 tam
1413 240 1533 282 facile
1552 241 1606 281 sit
1620 244 1846 295 praestare,
1861 256 1907 284 ac
1918 257 2090 285 manum

157 299 315 338 vertere
331 311 339 336 :
377 298 519 337 contra
554 299 649 338 vere
668 296 962 338 difficillimum
983 299 1011 339 &
1029 298 1191 338 erudito
1209 299 1493 351 praedicatore
1518 299 1690 353 dignum
1708 303 1870 341 textum
1889 301 2006 342 Euan
2014 316 2087 356 ge-

155 354 281 396 licum
315 353 521 408 explicare
558 356 586 397 81
621 355 843 408 applicare.
878 354 958 396 Sed
995 355 1026 396 si
1047 355 1203 396 novitio
1222 355 1485 397 Catecheticsi
1509 360 1580 398 aut
1603 358 1786 399 locorum
1807 359 2088 401 communium

154 411 390 468 cognitione
421 413 548 466 probe
585 412 759 461 imbuto,
794 415 822 455 &
858 413 900 453 111
933 413 1224 454 controversiis
1257 413 1469 455 hodiernis
1503 415 1764 456 mediocriter
1790 421 1952 458 versato
1975 418 2088 471 optio

155 471 335 520 daretur,
370 486 422 512 an
459 485 533 525 pro
565 471 758 512 concione
786 471 1172 520 Deuteronomium,
1197 472 1414 513 autlibros
1436 473 1582 514 Josuac
1600 475 1627 516 81
1645 475 1851 525 leodicum,
1871 478 1944 516 aut
1964 477 2088 517 libros

157 528 360 573 Samuelis
376 533 403 568 &
423 530 590 583 Romam,
614 532 686 570 aut
711 529 944 579 Proverbia,
965 532 1036 569 aut
1055 542 1171 583 capp.
1197 530 1263 570 12.
1284 531 1350 570 13.
1374 531 1438 571 14.
1462 533 1526 571 15.
1547 532 1597 572 ad
1617 533 1790 574 Roman.
1810 536 1882 574 3111
1904 547 2022 589 capp.
2048 535 2087 577 5.

154 588 194 629 6.
214 588 265 628 ad
283 588 492 642 Ephesios,
508 590 580 628 aut
592 586 768 641 Epistol.
783 587 931 637 Jacobi,
948 587 1073 638 Petri,
1088 588 1308 632 Jolzannis.
1324 589 1454 630 Jmlae
1467 590 1635 643 (quibus
1652 591 1807 645 legalia
1825 591 2088 645 potissimum

154 645 437 700 continentur)
472 646 627 699 absque
660 645 1080 686 commentationibus
1113 649 1186 686 aut
1212 646 1394 699 postillis
1411 648 1602 698 aliorum,
1623 649 1827 702 explicare
1845 651 2009 692 mallet:
2035 666 2087 692 an

154 707 250 745 vere
268 719 384 757 capp.
399 703 538 758 priora
556 703 757 758 epistolae
776 704 827 744 ad
848 703 1067 753 Romanos,
1088 705 1138 745 ad
1152 703 1337 756 Galatas,
1357 706 1406 746 ad
1426 705 1632 759 Ephesios
1651 707 1816 760 (quibus
1830 708 2088 764 Euangelica

153 763 354 816 majorem
371 765 533 816 partem
545 761 937 814 0031111031111);11011
956 762 1112 812 dubito,
1137 763 1235 816 quin
1255 763 1289 803 si
1308 763 1554 805 facilitatem
1574 766 1602 806 81
1619 766 1908 819 compendium
1925 769 2088 821 tempo-

153 820 209 862 ris
227 820 269 861 in
289 819 491 861 accuratis
509 820 772 861 concionibus
789 820 1018 861 formandis
1036 823 1255 874 spectaret,
1276 822 1505 875 posteriora
1523 822 1709 877 eligeret.
1735 823 1851 865 Idem
1874 829 2086 879 exspecta·

155 893 242 919 rem
279 881 302 919 ῑι
327 878 568 920 Candidatis
590 878 812 919 ministerii
831 878 916 920 illic
934 879 1026 929 loci,
1050 879 1121 920 ubi
1140 879 1272 933 pridie
1296 882 1434 921 textus
1453 880 1538 921 illis
1561 882 1738 936 praefigi
1756 883 1873 927 solet.
1894 884 1944 924 ad
1964 898 2087 937 quem

152 936 365 991 postridie,
399 937 601 977 3111110113
620 936 781 991 aliquot
799 939 892 990 post
911 952 1050 978 coram
1068 936 1234 991 Synodo
1252 941 1324 979 aut
1343 938 1483 980 Classe
1503 939 1741 981 concionem
1764 941 1949 982 habituri
1974 945 2084 983 sunt.

210 993 286 1036 ΠΙ.
323 996 412 1037 Bal.
446 994 556 1036 Illud
575 998 638 1036 est
656 995 898 1049 praedicatu
915 995 1140 1045 difficilius,
1160 997 1276 1050 cujus
1294 997 1604 1051 dogmatizatio,
1624 998 1830 1052 imprimis
1848 1001 1876 1041 81
1894 1001 2087 1053 specialis

153 1053 380 1107 applicatio
397 1053 609 1094 difficilius
627 1055 655 1095 81
677 1053 825 1107 majori
842 1068 935 1094 011111
952 1054 1191 1095 resistentia
1206 1055 1418 1108 recipitur.
1437 1055 1576 1109 Atque
1594 1057 1701 1110 legis
1717 1056 1887 1098 traditio
1905 1059 1934 1100 81
1951 1059 2086 1113 appli-

153 1112 262 1152 catio
282 1111 507 1162 difficilius,
527 1113 590 1154 810.
615 1111 827 1165 recipitur,
846 1127 972 1166 quam
994 1112 1232 1167 Euangelii.
1255 1113 1383 1168 Ergo.
1406 1114 1665 1155 Antecedens
1684 1115 1895 1168 probatur.
1922 1118 1955 1158 l.
1977 1118 2085 1170 Quia

152 1171 220 1211 lex
257 1184 305 1211 ex
337 1170 564 1224 hypothesi
586 1170 729 1224 lapsus
752 1185 826 1224 per
844 1185 886 1211 se
910 1171 1050 1225 arguit
1074 1171 1121 1212 de
1146 1174 1328 1224 peccato,
1353 1172 1382 1212 &
1401 1173 1666 1213 condemnat:
1686 1174 1792 1214 unde
1809 1174 2086 1217 ministerium

153 1228 299 1269 mortis
321 1228 483 1276 dicitur,
504 1228 789 1283 Euangelium
808 1244 902 1269 non.
939 1230 977 1270 2.
998 1229 1107 1282 Quia
1125 1229 1192 1270 lex
1210 1232 1411 1283 tanquam
1434 1233 1604 1271 externa
1622 1246 1768 1272 norma
1785 1231 1813 1272 81
1831 1233 1950 1286 quasi
1968 1233 2088 1275 limes

154 1301 200 1328 ac
226 1285 336 1327 linea
354 1286 751 1327 circumvallationis
775 1287 1090 1338 circumscribit,
1109 1290 1304 1337 coarctat,
1325 1288 1504 1339 cohibet,
1524 1290 1552 1330 81
1570 1293 1733 1330 coercet
1755 1290 1979 1341 hominem,
2001 1307 2090 1333 om-

152 1359 308 1398 nesque
340 1344 578 1395 facultates,
603 1345 790 1394 affectus,
812 1349 839 1384 &
863 1348 978 1386 actus
995 1345 1201 1386 humanos
1217 1362 1224 1395 ;
1243 1361 1375 1399 usque
1396 1347 1446 1387 ad
1462 1349 1600 1388 motus
1619 1347 1752 1401 prime
1770 1348 1938 1402 primos.
1974 1349 2090 1392 Haec

152 1401 327 1450 ἀκρίβειαι
362 1403 523 1443 homini
559 1403 603 1443 in
621 1405 756 1444 totum
775 1406 847 1444 aut
869 1406 1024 1458 magna
1041 1419 1089 1444 ex
1108 1406 1227 1457 parte
1251 1405 1385 1445 adhuc
1402 1405 1558 1446 carnali
1577 1406 1615 1460 (l
1642 1407 1731 1447 Cor.
1753 1407 1791 1447 3.
1811 1421 1847 1447 υ.
1873 1409 1905 1447 l.
1927 1408 1984 1461 2.)
2001 1411 2089 1449 tam

151 1461 329 1502 molesta
363 1464 439 1512 est,
474 1464 520 1502 ut
538 1461 657 1514 quasi
679 1476 753 1515 per
772 1460 1090 1509 ἀντιπερίστασιν
1107 1463 1149 1502 111
1167 1477 1210 1503 30
1228 1462 1536 1516 corruptionem
1553 1478 1673 1505 suam
1695 1467 1830 1514 acuat,
1850 1465 1892 1505 in
1912 1466 2088 1508 vetitum

151 1518 321 1570 nitatur,
362 1521 392 1561 81
425 1522 544 1560 tante
575 1520 713 1574 magis
749 1522 920 1573 peccata
952 1519 1191 1575 progignat,
1208 1521 1330 1574 juxta
1350 1523 1464 1563 Rom.
1485 1523 1522 1562 7.
1541 1535 1565 1562 v
1600 1524 1638 1563 8.
1673 1524 1697 1563 3
1734 1524 1841 1576 Quia
1858 1526 2087 1566 communis

152 1577 410 1631 experientia
439 1578 569 1625 docet,
602 1578 831 1619 multorum
852 1577 990 1619 tacitis
1009 1579 1411 1620 murmurationibus
1444 1579 1621 1620 aliorum
1639 1580 1794 1634 apertis
1813 1582 2088 1624 oblocutioni-

151 1635 240 1685 bus,
275 1635 628 1686 cavillationibus,
664 1635 1003 1683 detractionibus,
1022 1636 1180 1677 acerbis
1199 1637 1474 1688 contumeliiS,
1494 1638 1716 1679 hostilibus
1736 1640 2086 1693 contentionibus,

150 1693 277 1734 immo
311 1695 340 1735 &-
372 1696 591 1747 potentum
606 1694 967 1747 persecutionibus
990 1694 1126 1748 excipi
1143 1694 1271 1736 serias
1291 1697 1319 1737 81
1337 1695 1572 1749 patheticas
1596 1696 1896 1750 applicationes
1914 1699 2084 1753 legales,

154 1754 178 1792 a
209 1751 581 1793 Ooncionatoribus
617 1752 735 1807 [pag.
757 1752 833 1806 51]
867 1751 1031 1805 publice
1049 1752 1297 1806 privatimve
1316 1753 1469 1802 factas;
1490 1755 1626 1809 magis
1649 1769 1776 1809 quam
1791 1756 2084 1811 Euangelicas.

152 1809 260 1850 Vide
294 1810 485 1864 exempla
517 1809 750 1864 singularia
781 1809 806 1850 J
811 1810 1003 1860 eremiae,
1038 1812 1180 1860 Amos,
1213 1810 1347 1861 Eliae,
1381 1811 1558 1861 Michae‚
1593 1814 1635 1866 (2
1672 1814 1762 1868 1109.
1794 1815 1880 1867 22.)
1903 1814 1929 1855 J
1933 1815 2084 1857 ohann.

153 1867 370 1922 Baptistae
386 1884 393 1917 ;
438 1868 594 1909 adhaec
632 1867 932 1922 Chrysostomi,
961 1868 1032 1909 Cal
1043 1867 1134 1917 vini,
1170 1870 1234 1911 810.
1267 1869 1366 1922 quin
1394 1870 1428 1924 ἃ
1466 1870 1670 1911 benedicti
1690 1871 1922 1913 Servatoris
1939 1875 2084 1924 nostri,

153 1926 420 1980 omniumque
438 1926 624 1967 fidelium
642 1925 945 1974 Ministrorum,
964 1926 1035 1980 qui
1052 1926 1184 1980 ipsius
1200 1927 1388 1982 vestigiis
1406 1927 1616 1969 insistunt.
1652 1928 1846 1977 Quotidie
1864 1932 2085 1985 experiun-

152 1986 221 2025 tur
237 1983 422 2025 Ministri
440 1985 469 2026 81
487 1983 693 2032 80310103,
716 1999 807 2025 cum
826 1985 891 2025 vel
905 1999 978 2025 suo
996 1985 1061 2025 vel
1077 1984 1243 2038 publico
1261 1985 1473 2027 Ecclesiae
1490 1987 1658 2028 nomine
1676 1987 1837 2042 aliquos
1856 2003 1904 2029 ex
1922 1990 2083 2032 audito-

153 2042 267 2083 ribus
285 2042 413 2084 officii
429 2055 596 2083 monere
614 2045 687 2083 aut
709 2042 914 2096 corripere
932 2042 1152 2097 occipiunt,
1172 2043 1356 2096 alloquia
1372 2059 1447 2085 sua
1464 2048 1643 2086 nontam
1656 2048 1847 2100 prompte
1860 2047 1888 2088 81
1905 2047 2086 2090 faciliter

152 2100 293 2154 recipi,
312 2115 438 2155 quam
456 2115 550 2141 cum
567 2101 896 2155 aegrotantibus,
917 2100 1050 2141 aliave
1067 2102 1227 2142 ratione
1245 2101 1414 2143 afflictis
1432 2102 1698 2145 suavissimas
1716 2105 2016 2147 consolationes
2035 2121 2085 2148 ex

151 2158 386 2214 Euangelio
410 2158 741 2200 subministrant.
776 2158 886 2200 Hinc
910 2159 1037 2200 etiam
1054 2159 1108 2200 sit
1125 2162 1171 2200 ut
1188 2159 1377 2214 plerique
1394 2161 1445 2201 ad
1462 2161 1741 2215 correptiones
1759 2164 1787 2204 81
1806 2163 2083 2206 convictiones

152 2217 323 2271 legales,
362 2216 567 2271 imprimis
600 2217 897 2271 potentiorum,
935 2221 1007 2258 aut
1028 2217 1298 2259 insolentium
1314 2233 1397 2259 non
1413 2222 1500 2260 tam
1518 2219 1640 2261 facile
1659 2223 1838 2269 currant,
1858 2225 2084 2276 antequam

151 2275 397 2316 mittantur:
437 2277 509 2316 aut
536 2275 571 2316 si
589 2275 780 2323 πνεύματι
809 2276 971 2327 ζέοντες,
995 2275 1151 2330 seipsos
1169 2276 1236 2317 1110
1254 2279 1462 2330 superent,
1481 2277 1522 2318 id
1544 2277 1631 2319 sine
1649 2278 1856 2320 reactione
1878 2283 1950 2320 aut
1972 2281 2084 2322 lucta

152 2333 293 2387 aliqua
325 2348 406 2374 non
427 2333 515 2374 fiat.
549 2333 639 2382 Quo
656 2333 747 2387 ipso
769 2348 911 2375 omnes
931 2334 1053 2388 hujus
1076 2334 1136 2375 rei
1153 2334 1445 2375 difficultatem
1466 2336 1570 2377 haut
1586 2336 1758 2377 obscure
1776 2336 1976 2386 fatentur,
1996 2340 2080 2380 331-

151 2394 237 2432 10111
273 2391 398 2432 fateri
430 2394 650 2446 coguntur.
683 2393 721 2432 4.
758 2392 866 2444 Quia
882 2392 925 2432 in
946 2392 1144 2433 Ecclesiis
1161 2392 1480 2434 Protestanticis
1500 2395 1528 2435 81
1550 2394 1707 2436 nostris
1725 2395 1891 2436 nuncin
1912 2396 2082 2452 Anglia,

152 2448 304 2498 Scotia,
325 2449 482 2502 Belgio,
502 2449 733 2504 Hungaria,
758 2449 1074 2504 Transylvania,
1093 2450 1254 2500 Suecia,
1272 2450 1421 2501 Dania,
1442 2450 1676 2501 Germania,
1697 2454 1762 2494 810.
1780 2456 1867 2494 13111
1885 2454 2080 2509 frequen-

151 2507 276 2554 tibus,
317 2509 346 2550 &
382 2510 502 2548 tanta
535 2508 728 2549 libertate
747 2508 1038 2562 gaudentibus,
1059 2508 1182 2550 aliter
1199 2509 1287 2550 fieri
1305 2509 1373 2550 vix
1395 2512 1555 2563 potest:
1579 2512 1911 2564 quandoquidem
1930 2514 1978 2554 de
1996 2513 2080 2556 illis

151 2565 194 2606 in
216 2579 368 2620 genere
391 2565 537 2620 negari
552 2565 698 2620 nequit
714 2565 818 2607 illud
836 2565 1069 2608 Servatoris
1086 2567 1240 2608 Matth.
1259 2568 1326 2608 22.
1347 2569 1467 2610 Mulli
1482 2570 1623 2617 vocali,
1639 2570 1765 2624 pauci
1780 2569 1897 2612 electi.
1932 2571 2079 2613 Brevi—

150 2626 214 2664 ter
245 2623 354 2665 inter
376 2623 586 2665 auditores
604 2639 748 2665 earum
770 2624 902 2680 aliq‘ui
920 2628 1017 2665 sunt
1034 2627 1170 2666 crasse
1189 2625 1431 2680 ignorantes
1450 2628 1478 2668 81
1496 2626 1698 2673 0311(11003,
1718 2627 1789 2682 qui
1806 2629 1922 2670 nulla
1938 2645 2078 2672 rerum

151 2696 360 2723 sacrarum
389 2682 624 2736 cognitione
662 2686 734 2724 aut
771 2682 889 2736 praxi
923 2683 1184 2724 afficiuntur:
1223 2685 1354 2739 aliqui
1386 2685 1514 2726 crassi
1531 2685 1773 2739 hypocritae
1791 2687 1863 2741 qui
1880 2702 1973 2729 cum
1995 2689 2080 2730 sint

149 2739 290 2781 hostes
323 2739 568 2795 Religionis,
603 2744 676 2781 aut
713 2740 899 2795 alioquin
932 2741 1096 2795 profani
1123 2741 1324 2791 irrisores,
1343 2746 1514 2784 externa
1532 2743 1755 2793 auditione,
1775 2746 2076 2797 communione,

149 2797 388 2840 hominibus
419 2798 582 2839 malunt
614 2799 790 2852 placere,
811 2802 883 2839 3111
901 2799 1086 2853 maligno
1110 2799 1248 2840 animo
1265 2814 1340 2841 sno
1358 2800 1651 2852 obsecundare,
1675 2816 1801 2856 quam
1818 2803 1930 2845 Deo:
1948 2806 2079 2862 aliqui

2035 2878 2078 2905 m
