2399 3084
253 109 338 150 204
389 109 532 151 D1s1‘.
565 106 663 150 VII.
696 106 1141 149 PROBLEMATUM
1172 122 1234 149 DE
1266 106 1501 150 Mnmro
1535 107 1789 151 CHRISTI
1820 108 1954 152 PARS
1983 109 2063 153 IV.

251 231 304 273 Il.
340 231 482 274 Proba.
516 230 582 271 An
599 229 776 272 meritus
794 229 850 270 sit
865 229 1110 271 hominibus
1134 232 1232 272 ante
1249 230 1429 284 lapsum,
1449 230 1633 285 gratiam
1654 231 1854 287 imaginis
1873 232 2040 273 divinae
2057 234 2086 276 81
2103 249 2199 288 per-

251 290 424 332 sistendi
456 289 497 330 in
532 304 593 340 ea,
627 288 829 343 quamdiu
865 288 956 329 Deo
990 289 1128 330 visum
1156 291 1286 330 esset:
1308 304 1381 330 seu
1400 304 1453 330 an
1470 289 1600 330 fuerit
1617 305 1761 332 eorum
1782 289 1990 332 Mediator
2011 295 2203 346 respectu

252 349 410 403 primae
428 348 543 389 illius
561 347 728 389 unionis
746 362 840 388 cum
856 347 970 396 Deo;
991 348 1100 401 quod
1123 348 1212 389 scil.
1230 362 1312 389 non
1336 363 1411 401 per
1428 348 1601 402 seipsos,
1620 349 1692 390 sed
1708 364 1782 403 per
1803 349 1938 391 filium
1956 349 2045 391 Deo
2065 354 2204 392 essent

250 407 370 448 uniti.
405 408 523 460 Rcsp.
557 406 641 462 Aff.
662 407 849 448 Polanus
868 405 935 447 lib.
956 406 995 446 6.
1013 420 1102 460 cap.
1122 406 1189 448 26.
1208 405 1290 448 Sed
1314 421 1364 448 ex
1382 405 1610 460 Scripturis
1632 407 1924 461 probationem
1943 409 2104 450 nullam
2128 410 2201 451 ad-

249 466 351 515 fert;
374 481 450 507 nec
466 480 541 506 nos
558 466 687 507 talem
706 480 756 506 ex
774 479 822 506 ea
844 464 1000 506 adferri
1023 480 1143 519 posse
1161 480 1390 507 censemus.
1424 465 1548 507 Nihil
1567 480 1666 521 ergo
1683 467 1753 508 hic
1770 466 2080 510 affirmandum.

435 572 1086 620 PROBLEMATUM
1138 574 1237 619 DE
1291 573 1614 621 MERITO
1668 573 2024 622 CHRISTI

1048 671 1155 703 PARS
1181 671 1352 709 QUARTA
1378 672 1413 713 ¹).

308 765 527 820 Peryimus
564 766 610 806 in
643 764 969 808 Problemacibus
1006 766 1054 807 dc
1086 765 1222 807 Meriti
1256 766 1414 820 Objecto
1448 767 1570 820 quod,
1603 780 1674 809 sea
1702 767 1843 821 cujus:
1864 766 1948 817 ubi,
1969 771 2016 810 ut
2033 781 2197 809 omnem

248 825 466 865 maceriam
500 839 549 865 cx
579 825 769 866 methodo
807 824 996 867 inscitum
1027 825 1156 866 simul
1188 824 1228 866 8:
1260 827 1382 867 semel
1418 826 1734 877 eoehauriamus,
1761 826 1884 868 etiam
1900 826 2198 869 controversias

244 883 490 938 principalis
508 883 849 938 perscrinycmus.

308 990 349 1035 1.
387 991 523 1034 Probl.
562 990 641 1033 III.
674 990 743 1032 An
776 991 969 1034 Christus
1002 992 1176 1034 meritus
1216 992 1271 1033 sit
1303 992 1515 1034 salvandis
1533 993 1667 1034 solam
1683 993 1999 1034 immunitatem
2018 996 2042 1035 a
2059 1009 2194 1048 poena

247 1050 496 1103 promerita;
531 1065 583 1091 an
615 1050 786 1105 insuper
817 1051 1001 1106 gratiam
1033 1051 1078 1092 in
1108 1051 1188 1093 hac
1226 1051 1327 1103 vita,
1360 1053 1389 1094 81
1407 1051 1728 1102 beatitudinem,
1752 1067 1825 1093 seu
1847 1052 2028 1106 gloriam
2046 1053 2089 1093 in
2107 1054 2195 1095 vita

247 1108 424 1150 futura?
458 1111 576 1163 Resp.
617 1110 713 1164 Neq.
746 1118 895 1164 poster.
929 1109 1282 1164 Neo-Pelagiani,
1316 1112 1363 1151 ut
1401 1111 1594 1161 Paccius,
1614 1110 1820 1161 Huberus,
1840 1112 1869 1152 81
1886 1109 2195 1165 Anabaptistae

246 1167 429 1220 quidam,
468 1168 541 1222 qui
573 1169 706 1209 solam
742 1168 1055 1210 restitutionem
1072 1169 1115 1209 in
1133 1171 1292 1210 statum
1310 1172 1508 1211 neutrum
1527 1170 1617 1225 (qui
1635 1184 1711 1210 nec
1728 1170 2101 1221 condemnationis,
2119 1186 2195 1212 nec

246 1226 394 1268 salutis
428 1227 500 1279 sit)
519 1227 714 1268 omnibus
732 1227 974 1268 hominibus
998 1230 1021 1268 a
1038 1227 1205 1269 Christo
1223 1228 1475 1282 acquisitam
1491 1229 1660 1269 volunt:
1681 1230 1728 1269 ut
1745 1228 1832 1270 scil.
1852 1243 1995 1270 omnes
2015 1231 2038 1270 a
2054 1229 2195 1271 debito

245 1300 320 1338 per
351 1284 507 1326 Adami
543 1287 925 1341 transgressionem
943 1289 1155 1328 contracto
1179 1287 1348 1328 liberati
1366 1288 1396 1330 81
1413 1287 1549 1337 liberi,
1570 1288 1618 1329 de
1636 1302 1742 1328 novo
1759 1287 1940 1328 salutem
1958 1302 2077 1329 suam
2094 1303 2194 1342 ope-

246 1346 413 1393 rentur3
445 1345 556 1398 quod
593 1345 628 1385 si
645 1345 836 1396 fecerint,
855 1346 1035 1387 salutem
1054 1345 1295 1400 acquirant:
1315 1345 1379 1386 sin
1401 1346 1540 1387 minus
1558 1348 1721 1387 reatum
1741 1346 1791 1387 de
1807 1360 1914 1387 novo
1937 1346 2019 1387 sibi
2035 1349 2195 1388 contra-

244 1401 363 1452 hant,
397 1404 426 1445 81
447 1406 651 1457 tanquam
667 1404 822 1458 relapsi
836 1405 949 1458 juste
972 1405 1314 1446 condemnentur.
1347 1403 1428 1446 Sed
1445 1405 1550 1446 haec
1567 1404 1708 1458 opinio
1731 1403 1973 1458 Scripturae
1992 1404 2194 1460 (Johmm.

246 1461 284 1501 3.
303 1474 407 1504 vers.
428 1462 466 1503 5.
487 1463 556 1504 36.
576 1464 614 1504 6.
633 1463 780 1517 Eplzcs.
801 1464 838 1504 2.
859 1464 916 1516 3.)
935 1465 964 1505 81
982 1463 1246 1505 Ortliodoxae
1263 1479 1310 1505 ac
1327 1463 1567 1505 Catholicae
1586 1463 1831 1517 antiquitati
1842 1466 2066 1518 repugnat.
2085 1464 2193 1506 Vide

245 1521 540 1575 Antaqom'scas
561 1522 678 1577 [pag.
703 1522 809 1577 269]
831 1523 970 1564 Paccii
991 1521 1031 1564 a
1048 1522 1216 1573 Hzcbcri,
1236 1538 1361 1576 supra
1384 1523 1599 1564 indicatos.
1634 1522 1711 1563 IV.
1731 1522 1873 1564 Probl.
1893 1521 1962 1563 An
1980 1523 2191 1564 salvandis

244 1581 410 1620 tantum
432 1581 632 1622 meruerit
648 1581 849 1635 gloriam3
869 1596 921 1622 an
939 1596 1035 1622 vero
1054 1582 1182 1622 etiam
1204 1581 1386 1636 gratiam
1405 1584 1496 1622 tum
1509 1581 1826 1635 justificantem,
1846 1583 1937 1622 tum
1960 1584 2192 1633 vocantem,

246 1637 276 1678 81
293 1642 625 1693 regenerantem,
645 1642 735 1681 tum
761 1640 1092 1681 sanctificantem
1108 1656 1116 1689 ;
1134 1640 1319 1681 breviter
1336 1640 1517 1694 primam
1536 1655 1609 1681 seu
1625 1640 1979 1694 praevenientem,
1999 1642 2028 1683 81
2051 1655 2193 1682 secun-

245 1696 341 1736 dam
372 1712 445 1738 seu
464 1698 811 1753 subsequentem,
837 1713 1011 1753 eamque
1035 1701 1363 1749 conservantem,
1384 1699 1650 1748 excitantem,
1669 1701 2022 1752 praemoventem‚
2041 1699 2192 1740 confir-

244 1758 431 1797 mantem
463 1757 493 1798 81
525 1760 765 1813 augentem,
800 1772 1050 1812 omnemque
1083 1758 1208 1798 aliam
1226 1773 1234 1806 ;
1268 1761 1443 1812 excepta
1474 1758 1613 1813 gratia
1645 1760 1737 1798 tum
1753 1757 2094 1811 praedestinante
2118 1773 2191 1800 seu

245 1813 459 1856 electionis
477 1816 528 1856 ad
549 1816 734 1871 gratiam
751 1817 780 1857 81
803 1816 997 1871 gloriam,
1015 1819 1107 1857 tum
1123 1816 1259 1870 primo
1277 1816 1413 1870 prima
1432 1819 1678 1870 exequente,
1697 1818 1780 1870 qua
1796 1816 1909 1857 dedit
1925 1817 1954 1858 81
1973 1816 2192 1859 constituit

244 1870 496 1926 Sponsorem
528 1890 575 1916 ac
606 1873 895 1925 Mediatorem,
933 1890 1093 1929 nosque
1127 1874 1239 1915 dedit
1270 1875 1342 1916 isti
1359 1874 1584 1916 Mediatori
1601 1875 1822 1916 salvandos
1841 1875 1909 1930 (de
1926 1890 2008 1929 quo
2026 1874 2138 1916 infra
2152 1876 2189 1929 Ρ)

244 1931 361 1985 Hesp.
396 1933 491 1987 Ney.
510 1932 870 1984 Remonstrantes,
889 1934 1127 1987 specialiter
1144 1934 1254 1987 quod
1272 1934 1323 1975 ad
1340 1934 1524 1989 gratiam
1540 1933 1886 1988 regenerationis,
1905 1934 2077 1988 ejusque
2094 1949 2189 1987 per-

244 1992 516 2033 severantiae.
551 1991 658 2034 Vide
692 1993 879 2046 ipsorum
897 1992 1143 2048 Apoloyimn
1159 2006 1247 2046 cap.
1268 1994 1305 2033 8.
1326 1993 1419 2034 coll.
1439 2007 1533 2033 cum
1551 1992 1824 2047 Anlapoloqz'd
1845 1991 1980 2034 Isaaci
2002 1992 2136 2043 szii,
2155 1993 2185 2034 81

243 2051 417 2091 censura
452 2051 628 2105 Profess.
662 2052 937 2094 Leidensimn.
973 2053 1055 2095 Nos
1087 2051 1119 2092 A
1126 2054 1171 2107 ff.
1203 2052 1232 2093 81
1253 2051 1493 2105 probamus.
1529 2051 1676 2093 Primo
1703 2066 1753 2092 ex
1771 2051 1917 2104 Eplzes.
1941 2052 1977 2092 1.
1996 2065 2100 2093 vers.
2121 2052 2188 2094 23.

243 2121 373 2163 usqae
396 2109 462 2150 12.
482 2110 519 2149 2.
547 2111 720 2152 Timolh.
747 2111 784 2151 1.
801 2124 904 2151 vers.
924 2110 965 2151 9.
985 2111 1023 2151 1.
1047 2111 1154 2153 Pclr.
1178 2110 1214 2150 1.
1234 2111 1273 2151 3.
1293 2111 1410 2152 Rom.
1429 2111 1468 2151 8.
1486 2123 1588 2151 vers.
1609 2111 1676 2150 32.
1697 2110 1765 2151 39.
1784 2109 1971 2152 Secundo
1987 2111 2190 2164 probatur

244 2181 318 2219 per
334 2170 475 2220 partes
492 2168 541 2210 de
558 2170 698 2224 gratia
715 2169 1066 2211 reconciliationis
1085 2170 1123 2209 2.
1149 2167 1332 2211 Corinth.
1353 2169 1390 2209 5.
1409 2182 1513 2210 vers.
1541 2169 1606 2210 19.
1625 2169 1772 2222 Ephes.
1795 2169 1831 2209 1.
1856 2169 1896 2210 6.
1916 2170 1954 2210 7.
1973 2169 2000 2210 J
2004 2169 2188 2210 ustifica-

244 2224 369 2267 tionis
388 2227 506 2269 Rom.
526 2228 564 2268 3.
585 2228 653 2270 24.
678 2228 746 2269 25.
774 2227 814 2270 &c
832 2228 870 2270 5.
893 2242 996 2269 vers.
1018 2229 1055 2268 1.
1075 2229 1114 2268 2.
1133 2226 1384 2281 Adoptionis
1401 2228 1549 2282 Ephes.
1576 2227 1609 2268 l.
1628 2241 1733 2269 vers.
1751 2227 1790 2268 5.
1810 2228 2051 2276 vocationis,
2070 2242 2189 2283 rege-

245 2284 486 2336 nerationis,
521 2286 865 2328 sanctificationis
904 2288 943 2327 2.
983 2286 1156 2328 Timoclz.
1193 2287 1229 2326 1.
1265 2286 1303 2327 9.
1341 2286 1378 2327 1.
1402 2286 1515 2329 Petr.
1552 2287 1589 2327 1.
1615 2287 1653 2327 3.
1673 2287 1821 2341 Ephcs.
1848 2287 1885 2327 1.
1903 2300 2005 2328 vers.
2031 2287 2069 2328 7.
2089 2288 2129 2328 8.
2148 2287 2187 2328 9.

248 2343 381 2384 Galat.
404 2344 439 2385 1.
458 2358 560 2386 vers.
580 2345 619 2386 6.
644 2345 717 2387 Tit.
738 2346 776 2385 2.
798 2345 864 2386 14.
884 2345 1068 2388 Johann.
1086 2345 1268 2386 17.vers.
1285 2345 1350 2386 19.
1365 2345 1542 2386 actualis
1555 2345 2186 2399 conversionis,recipiscentiae‚

246 2400 354 2451 fidei,
387 2404 739 2455 perseverantiae,
775 2405 812 2444 1.
848 2404 960 2446 Pelr.
996 2404 1034 2444 2.
1067 2417 1171 2444 vers.
1205 2403 1275 2445 24.
1308 2403 1376 2444 25.
1412 2404 1528 2446 Rom.
1563 2405 1602 2445 8.
1620 2417 1723 2446 vers.
1742 2406 1816 2446 ult.
1835 2406 1872 2445 1.
1891 2404 2040 2445 ΙοΙιαη.
2059 2404 2097 2445 5.
2119 2404 2186 2445 18.

249 2459 313 2499 19.
352 2461 386 2500 1.
422 2461 532 2503 Pelr.
569 2462 605 2503 1.
637 2476 739 2504 vers.
774 2464 812 2503 3.
847 2462 887 2503 4.
923 2463 960 2502 5.
1001 2462 1130 2504 Tertio
1161 2461 1365 2515 probatur
1397 2477 1447 2503 ex
1473 2462 1770 2504 intercessione
1784 2462 1942 2504 Christi
1958 2477 2034 2516 pro
2065 2462 2186 2503 nobis

246 2517 356 2569 (vide
397 2518 505 2561 hanc
545 2520 887 2562 intercessionem
929 2520 1183 2574 explicatam
1225 2522 1249 2561 a
1290 2521 1476 2561 locorum
1514 2522 1802 2562 communium
1844 2523 1872 2563 &
1910 2520 2186 2562 Catecheticis

245 2573 540 2628 Scriptoribus,
580 2594 655 2620 nec
690 2594 774 2620 non
805 2578 1206 2620 commentatoribus
1235 2578 1286 2619 ad
1321 2580 1438 2621 Rom.
1472 2579 1510 2620 8.
1545 2580 1613 2620 34.
1650 2579 1773 2621 Hebr.
1810 2580 1847 2620 7.
1887 2579 1956 2620 25.
1985 2579 2014 2620 81
2043 2579 2081 2619 9.
2116 2578 2184 2620 24.

246 2633 385 2675 collat.
404 2650 495 2676 cum
518 2637 585 2678 12.
601 2651 703 2679 vers.
724 2638 811 2691 24.)
829 2637 910 2678 Pro
928 2652 1175 2691 quocunque
1193 2635 1387 2678 Christus
1404 2637 1447 2678 in
1463 2638 1586 2678 terris
1603 2638 1752 2689 oravit,
1770 2638 1800 2680 81
1813 2638 2043 2679 etiamnum
2055 2636 2185 2677 inter-

247 2691 368 2742 cedit,
407 2693 512 2734 illud
542 2695 680 2748 ipsum
712 2697 832 2737 nobis
866 2696 1040 2737 meritus
1073 2698 1149 2737 est.
1183 2694 1264 2737 Sed
1296 2710 1370 2749 pro
1402 2696 1514 2737 omni
1547 2696 1687 2751 gratia
1700 2697 1820 2738 nobis
1838 2697 1935 2738 data
1957 2698 2030 2736 aut
2051 2695 2186 2736 danda

1993 2753 2185 2795 Christus

292 2877 322 2919 ¹)
347 2877 448 2920 Resp.
472 2878 584 2912 Ρπτιῐο
610 2885 677 2911 νΑΝ
700 2888 767 2912 DER
790 2880 938 2919 BUchT,
963 2880 1348 2923 Medioburgo-Zelando.
1371 2881 1428 2914 Ad
1451 2882 1549 2914 diem
1571 2881 1603 2913 4.
1627 2881 1790 2912 Decemb.
1813 2879 1920 2912 Anno
1943 2878 2046 2912 1650.
