2399 3084
539 134 910 180 D1sP.XI.D13
943 132 1247 178 SABBATHO
1280 151 1340 177 ET
1373 134 1600 178 Fnsms.
1951 135 2035 176 335

98 259 222 301 nico?
240 260 358 313 Resp.
385 259 481 312 Ney.
499 258 607 307 Quia
623 259 659 300 si
675 259 761 301 illis
779 274 861 300 non
878 259 1015 315 magis
1032 259 1293 313 prohibitum
1311 259 1393 300 fuit
1409 275 1556 301 sanare
1584 259 1614 300 &
1636 273 1801 301 servare
1822 258 2036 300 hominem

100 320 173 359 aut
194 317 447 371 jumentum,
480 318 621 359 Malth.
659 318 726 358 12.
760 319 857 360 Luc.
884 319 949 358 13.
973 332 1099 371 quain
1117 317 1390 358 Christianis:
1406 321 1505 372 ergo
1524 332 1598 358 nec
1615 332 1690 371 pro
1708 318 1795 358 vita
1812 319 1840 360 &
1857 317 2037 358 fortunis

95 377 207 431 juste
219 390 409 430 pugnare
427 375 655 427 occasione,
674 376 703 417 81
720 377 967 418 necessitate
986 377 1046 417 ita
1063 376 1242 417 ferente:
1262 375 1490 430 Pei-peram
1508 391 1607 430 ergo
1624 376 1853 429 prohibitio
1870 390 2038 430 pugnae

100 449 150 476 ex
171 434 207 475 1.
224 434 408 476 Maclzab.
427 434 465 474 2.
486 448 588 475 vers.
613 434 814 476 34.-39.
836 437 1039 488 tanquam
1067 437 1364 488 argumentum
1381 434 1569 475 adfertur
1586 435 1637 475 ad
1654 434 1912 488 probandam
1934 434 2038 488 rigi-

102 493 260 534 diorem
277 491 484 534 Sabbathi
507 492 854 544 observationem,
888 493 939 534 ad
962 508 1089 547 quam
1111 492 1262 533 Judaei
1284 507 1409 546 supra
1427 492 1686 534 Christianos
1708 495 1910 546 putantur
1931 492 2038 533 obli-

100 551 191 607 gati
207 551 349 592 fuisse.
383 550 561 592 Factum
579 551 690 592 enim
708 552 962 605 particulare
979 552 1240 605 quorundam
1268 566 1406 592 merae
1424 551 1687 605 ignorantiae
1706 553 1734 593 &
1752 550 2040 605 superstitioni

101 609 439 651 adscribendum:
473 609 582 663 quod
605 612 747 651 tamen
764 609 912 651 ibidem
937 624 1040 651 vers.
1063 610 1131 651 40.
1157 609 1225 651 41.
1243 609 1520 663 improbatur.
1554 608 1758 650 Similiter
1770 609 2040 663 judicandum

102 671 165 710 est
190 668 240 709 de
271 671 380 710 facto
402 667 430 709 J
433 668 660 709 udaeorum
681 669 791 722 apud
808 669 999 711 Flavimn
1019 668 1242 723 Joseplzmn
1260 668 1325 710 lib.
1350 669 1414 708 14.
1434 668 1481 710 de
1498 668 1596 710 bello
1614 668 1644 710 J
1646 669 1788 709 addico
1806 682 1893 722 cap.
1911 669 1949 708 8.
1968 667 2042 708 ubi

102 727 154 768 ab
183 726 298 768 omni
328 726 556 768 offensione
583 727 865 778 abstinebant,
883 741 959 768 nec
974 729 1111 768 turres
1127 728 1156 769 81
1177 726 1311 767 fossas
1328 726 1473 768 diebus
1491 726 1698 768 Sabbathi
1716 729 1740 767 Ξι
1763 727 1956 781 PompeJ'o
1974 741 2041 767 ex·

102 787 282 827 structas
315 785 549 826 diruebant.
585 783 715 833 Quasi
747 786 912 839 eruptio
944 785 987 825 in
1019 785 1161 826 hostes
1191 785 1441 837 obsidentes,
1477 787 1506 828 &
1524 784 1738 827 demolitio
1760 785 1941 825 turrium
1958 799 2041 825 non

101 843 332 898 pertineret
350 844 401 884 ad
417 843 696 884 necessariam
709 843 1005 885 defensionem.
1025 843 1237 885 Serrarius
1255 843 1297 884 in
1322 843 1600 885 Commentar.
1621 845 1671 885 ad
1691 844 1763 884 lib.
1785 844 1822 884 1.
1845 842 2041 884 Machab.

103 917 192 956 cap.
212 903 252 943 2.
274 916 371 957 pag.
400 901 499 942 423.
527 905 657 956 negat
683 902 846 944 fuisse
835 918 878 943 1n
900 902 978 943 hoc
995 902 1137 943 facto
1124 902 1635 958 zmpvudenciamqnopm'e
1656 902 1821 952 dietam,
1841 904 1914 943 aut
1930 902 2040 943 vilu-

100 960 310 1016 peratione
339 960 512 1015 dignam
544 961 817 1002 inscientiam.
850 960 1074 1003 Rationem
1106 961 1214 1002 hanc
1231 960 1367 1002 adfert
1372 961 1492 1016 ,qnia
1511 969 1607 1003 enne
1628 961 1821 1003 omnibus
1838 974 1884 1002 ea
1901 960 2041 1025 opinio

103 1020 152 1062 cle
166 1019 430 1062 custodiendo
447 1018 648 1061 Sabbatho
665 1020 795 1074 fnisse
813 1020 982 1061 videtur.
1015 1018 1068 1060 S«
1073 1019 1097 1060 d
1119 1019 1334 1073 popularis
1358 1034 1483 1068 error
1519 1022 1592 1061 aut
1618 1019 1878 1061 communior
1907 1018 2041 1071 impe-

104 1078 210 1119 ritae
242 1077 377 1131 plebis
410 1077 565 1131 opinio,
602 1077 762 1119 factum
785 1092 928 1119 eorum
944 1092 1026 1118 non
1045 1080 1227 1119 excusat.
1261 1077 1346 1119 Lex
1368 1054 1509 1119 diviiia
1526 1079 1555 1120 &
1574 1078 1783 1132 sapientes
1801 1077 2043 1118 debuissent

105 1136 283 1178 audiri:
293 1136 438 1190 quales
469 1150 554 1177 non
585 1135 779 1188 defuisse,
817 1136 961 1191 colligi
982 1138 1133 1190 potest,
1153 1151 1203 1177 ex
1219 1137 1377 1190 proelio
1394 1136 1505 1177 inter
1521 1136 1549 1178 J
1551 1137 1704 1178 udaeos
1727 1137 1756 1177 &
1778 1135 1958 1177 Parthos
1977 1135 2042 1176 die

105 1194 313 1237 Sabbathi
342 1194 564 1236 commisso
611 1195 789 1250 (loseph.
823 1195 890 1237 lib.
928 1195 994 1235 18.
1028 1208 1116 1248 cap.
1135 1194 1229 1243 ult.)
1244 1210 1259 1243 ;
1280 1195 1309 1236 81
1327 1209 1376 1235 ex
1394 1195 1602 1236 sententia
1620 1195 1789 1236 Anilaei
1806 1193 2043 1235 Neerdatae

107 1253 244 1309 (ibid.)
277 1255 360 1307 qua
391 1253 626 1294 statuebat:
659 1254 736 1306 leqi
766 1254 900 1308 mayis
931 1261 1250 1296 consentaneum
1267 1267 1349 1294 esse
1364 1254 1470 1295 vires
1487 1253 1534 1295 ob
1556 1254 1830 1295 necessitatem
1851 1265 2044 1302 eaeercere,

106 1325 306 1367 armaque
338 1312 554 1365 corripere,
587 1313 652 1354 810.
692 1311 872 1353 Videtur
905 1312 994 1365 ipse
1016 1311 1044 1353 J
1047 1311 1230 1365 osephus
1253 1312 1305 1352 ab
1325 1326 1463 1352 errore
1480 1312 1554 1353 illo
1572 1311 1764 1366 populari
1779 1325 1863 1351 non
1882 1310 2044 1351 alienus

107 1370 237 1412 fuisse
271 1369 336 1411 lib.
377 1370 416 1411 2.
449 1383 537 1424 cap.
569 1371 636 1414 32.
654 1369 943 1424 Maymonides
960 1370 1004 1410 111
1021 1370 1196 1411 ΗαῖίαοΙι
1214 1383 1239 1410 α
1256 1370 1459 1412 mecachm
1475 1384 1563 1424 cap.
1585 1370 1622 1413 7.
1645 1369 1841 1411 attribuit
1857 1368 1883 1410 J
1888 1368 2045 1419 udaeis,

107 1428 217 1483 quod
246 1428 516 1483 Paganorum
537 1434 708 1474 (Ε’ΠἹΞ)
736 1429 861 1470 urbes
885 1443 980 1470 cum
1012 1427 1278 1469 Sabbathum
1305 1430 1368 1469 est
1390 1429 1593 1479 obsident,
1614 1428 1642 1470 81
1660 1428 1867 1482 proelium
1884 1441 1978 1468 cum
1994 1426 2045 1467 iis

107 1489 343 1529 conserunt.
377 1486 496 1536 Quod
527 1501 620 1528 cum
643 1487 883 1528 narratione
900 1486 928 1528 J
931 1487 1090 1540 osephi,
1108 1488 1137 1529 81
1154 1486 1395 1528 testimonio
1413 1486 1594 1528 Senecae
1611 1488 1721 1541 apud
1737 1486 1959 1542 Attyuslin.
1978 1485 2046 1527 lib.

109 1546 149 1586 6.
181 1546 230 1587 de
264 1546 346 1587 civ.
384 1546 474 1595 Dei,
507 1559 540 1587 0.
575 1546 643 1586 11.
676 1546 706 1587 81
722 1545 1022 1600 Agatarchidis
1040 1546 1151 1599 apud
1168 1546 1329 1599 Joseplz.
1348 1545 1416 1587 lib.
1438 1546 1504 1587 12.
1523 1560 1554 1587 c.
1577 1547 1612 1586 1.
1631 1545 1702 1587 vix
1720 1544 1934 1586 convenit:
1965 1543 2046 1584 nisi

108 1607 298 1658 tempora
310 1603 559 1658 distinguas,
582 1617 677 1644 cum
694 1604 846 1657 quibus
864 1604 1039 1645 mutatis
1055 1604 1275 1645 hominum
1291 1618 1428 1645 mores
1446 1605 1474 1646 &
1492 1604 1708 1658 opiniones
1725 1605 1957 1644 mutantur.
1970 1600 2044 1642 VI.

110 1661 219 1711 Quid
230 1662 503 1716 judicandum
519 1663 568 1703 de
583 1661 814 1711 Abassinis;
830 1677 932 1716 quos
946 1662 1056 1703 diem
1069 1661 1242 1703 Saturni
1255 1677 1386 1715 aeque
1399 1677 1446 1703 ac
1457 1661 1725 1703 Dominicum
1739 1676 1904 1703 servare
1916 1662 2046 1701 testa-

109 1723 179 1762 tur
198 1720 225 1762 J
229 1720 364 1761 esuita
379 1721 639 1775 Guodiqnins
652 1720 716 1762 lib.
738 1721 774 1761 1.
799 1720 846 1762 de
867 1721 946 1762 reb.
960 1721 1149 1762 Abassin.
1168 1734 1199 1761 0.
1215 1721 1283 1760 24.
1301 1721 1479 1774 Scaliger
1496 1721 1563 1762 lib.
1585 1722 1624 1762 7.
1641 1721 1690 1762 de
1705 1719 1878 1762 Emend.
1891 1732 1933 1773 p.
1949 1718 2045 1759 694.

112 1779 209 1820 696.
239 1780 359 1833 Resp.
377 1778 527 1820 Crassa
538 1779 778 1833 ignorantia
789 1779 833 1819 111
850 1779 916 1820 his
934 1779 1111 1832 aliisque
1128 1779 1315 1832 ipsorum
1335 1779 1521 1820 moribus
1540 1779 1569 1820 81
1587 1779 1739 1820 ritibus
1759 1777 1948 1819 excusari
1964 1791 2046 1818 non

109 1840 260 1891 potest.
290 1837 408 1892 [pag.
454 1837 585 1891 1275]
617 1836 837 1878 Remansit
867 1837 910 1878 id
941 1837 1050 1878 forte
1084 1852 1133 1878 ex
1157 1840 1286 1891 prava
1307 1837 1543 1878 imitatione
1560 1837 1791 1891 primorum
1808 1836 1919 1890 apud
1935 1836 2047 1888 ipsos

110 1895 458 1945 Christianorum,
493 1895 564 1949 qui
597 1910 649 1936 ne
681 1895 940 1936 offenderent
961 1895 1219 1937 Israeliticae
1241 1894 1476 1950 Religionis
1494 1898 1704 1937 consortes
1722 1897 1844 1950 (quos
1861 1894 1949 1935 11110
1965 1907 2047 1934 11011

112 1953 308 2004 defuisse,
341 1954 407 1995 vel
440 1969 489 1995 ex
521 1954 607 1997 Aet.
643 1953 680 1994 8.
703 1967 740 1996 v.
759 1955 829 1995 27.
852 1956 1042 1995 constare
1059 1956 1220 2008 potest:
1240 1956 1287 1994 ut
1304 1954 1503 1995 historias
1527 1954 1556 1995 &
1574 1953 1798 1995 relationes
1817 1952 2048 1994 Abassino-

110 2027 205 2053 rum
237 2027 347 2053 nunc
377 2012 658 2066 praeteream)
691 2012 734 2053 in
765 2012 840 2053 illa
871 2013 1007 2066 prima
1033 2012 1268 2053 mutatione
1286 2012 1396 2053 diem
1412 2012 1534 2053 illum
1551 2014 1784 2062 servarunt,
1808 2011 1938 2052 donec
1954 2025 2049 2051 cum

112 2071 207 2112 aliis
238 2071 391 2112 ritibus
423 2070 450 2112 J
454 2070 612 2112 udaieis
643 2071 850 2124 paulatim
883 2071 1087 2112 memoria
1122 2071 1210 2125 ejus
1245 2073 1522 2121 evanesceret,
1542 2072 1571 2113 &
1588 2070 1765 2111 honeste
1784 2069 2048 2123 sepeliretur.

112 2128 207 2170 Dici
239 2129 367 2170 etiam
398 2132 553 2183 posset,
587 2143 656 2170 eos
683 2129 805 2170 illum
832 2144 1032 2180 servasse,
1061 2144 1145 2170 11011
1165 2131 1329 2170 tantum
1348 2131 1522 2182 propter
1538 2128 1796 2170 Israelitieae
1813 2126 2049 2182 Religionis

111 2187 332 2242 indigenas
363 2188 393 2229 81
409 2188 589 2229 advenas
607 2187 695 2229 illic
713 2191 1038 2229 commorantes:
1059 2188 1130 2228 sed
1153 2187 1281 2228 etiam
1299 2189 1345 2228 ut
1362 2187 1455 2228 aliis
1473 2187 1671 2228 Ecclesiis
1690 2185 1975 2228 Orientalibus
1997 2199 2041 2226 se

113 2245 444 2294 conformarent3
473 2246 585 2300 apud
601 2260 704 2300 quas
727 2246 838 2287 diem
859 2246 981 2287 illum
1002 2249 1215 2287 servatum
1230 2245 1374 2296 fuisse,
1392 2245 1581 2299 proxime
1596 2245 1781 2300 sequenti
1796 2251 1949 2300 quaest.
1965 2257 2043 2284 no-

113 2303 312 2345 tabimus.
346 2303 556 2358 Quidquid
577 2304 647 2346 hie
673 2304 832 2345 factum
849 2305 999 2346 fuisset
1017 2306 1040 2345 a
1062 2304 1289 2358 majoribus
1306 2304 1349 2344 in
1366 2303 1503 2357 prima
1520 2305 1571 2345 ad
1588 2303 1957 2345 Christianismum
1972 2316 2047 2356 per

115 2361 342 2416 Apostolos
368 2362 398 2403 81
414 2361 680 2416 Apostolicos
696 2363 808 2404 viros
825 2363 1114 2412 conversione3
1132 2365 1278 2416 postea
1294 2365 1436 2403 tamen
1454 2361 1643 2403 stabilito
1665 2361 1999 2411 Christianismo,
2018 2361 2047 2402 8z

116 2419 290 2462 Judaeis
307 2420 409 2461 satis
427 2434 634 2474 superque
647 2421 737 2473 jam
754 2421 953 2462 convictis
972 2436 1019 2462 ac
1040 2421 1230 2462 totaliter
1251 2421 1429 2475 rejectis,
1449 2422 1477 2462 Sc
1499 2420 1650 2461 ritibus
1672 2419 2047 2461 ζ11111010131101100130

116 2478 305 2532 sepultis,
327 2493 403 2520 nec
434 2478 706 2529 circumcisio,
728 2494 803 2520 nec
821 2478 1086 2521 Sabbathum
1107 2479 1135 2520 J
1141 2479 1332 2520 udaicum
1354 2479 1535 2533 amplius
1558 2478 1715 2520 servari
1732 2477 1958 2519 debuisset.
1989 2476 2048 2517 Et

116 2536 153 2578 si
183 2539 283 2578 tunc
313 2536 445 2578 nimia
476 2535 788 2584 όυγκκτάβκσις
808 2537 1072 2589 obtinuisset,
1091 2538 1180 2591 jam
1207 2538 1359 2578 saltem
1380 2537 1498 2578 nulla
1519 2535 1726 2578 sabbathi
1743 2535 1959 2586 memoria,
1977 2537 2051 2576 aut

117 2594 371 2636 conscientia
402 2609 618 2649 superesse
651 2596 842 2637 debebat.
876 2595 974 2637 VII.
1009 2595 1076 2636 An
1108 2595 1295 2637 excusari
1319 2596 1494 2650 possint,
1519 2595 1650 2648 quiin
1672 2594 1847 2648 antiqua
1862 2593 2051 2635 Ecclesia

119 2651 382 2696 sabbathum
399 2652 427 2694 J
430 2653 624 2695 udaicum
641 2653 712 2694 diu
729 2656 823 2707 post
839 2654 1047 2695 convictos
1069 2654 1096 2695 J
1100 2654 1252 2695 udaeos
1269 2655 1298 2696 &
1315 2654 1521 2707 templum
1543 2668 1734 2694 eversum
1752 2653 2050 2694 observarunt:

117 2711 197 2752 hac
227 2713 370 2753 tamen
401 2711 478 2752 sub
511 2711 791 2763 distinctione,
814 2713 924 2766 quod
946 2727 1027 2753 non
1050 2715 1096 2753 ut
1119 2711 1384 2752 Sabbathum
1406 2711 1434 2753 J
1436 2712 1644 2762 udaicum,
1665 2711 1735 2752 sed
1753 2713 1799 2752 ut
1821 2709 2051 2751 Christiani

119 2768 326 2811 Sabbathi
357 2770 616 2817 παρασκευὴν,
652 2773 743 2810 tum
775 2770 1012 2812 exclusione
1039 2769 1203 2824 jejunii,
1237 2773 1328 2811 tum
1360 2770 1488 2811 sacris
1517 2769 1802 2820 conventibus,
1825 2770 1854 2811 81
1873 2767 2052 2822 publicis

119 2826 361 2881 Scripturae
388 2828 640 2870 lectionibus
672 2828 777 2869 illud
803 2829 1076 2870 celebrarent.
1113 2829 1229 2882 Hesp.
1265 2829 1360 2883 Neq.
1395 2827 1607 2882 Quidquid
1625 2828 1736 2869 enim
1754 2827 2052 2881 distinguatur,

1900 2883 2054 2938 populo
