2399 3084
274 110 355 151 122
466 107 612 148 DISP.
646 104 698 145 V.
733 105 809 147 AN
841 107 1108 148 Gnmsws
1141 119 1229 150 QUA
1263 104 1541 150 MEDIATOR
1574 124 1655 149 sm
1688 111 2026 151 ADORANDUS‘?

272 241 393 274 talem
421 244 509 271 esse
534 228 838 282 proprietatem
866 230 1067 279 divinam,
1089 232 1213 282 prout
1229 231 1427 284 majestas
1446 247 1516 272 sen
1537 232 1786 274 excellentia
1804 234 1891 287 ejus
1910 234 2137 288 singularis
2156 237 2220 276 est

271 291 376 332 nulli
393 290 610 331 creaturae
629 289 1002 333 communicabilis.
1022 290 1059 329 6.
1082 289 1255 344 Ideoque
1271 304 1416 330 verum
1431 290 1479 331 de
1493 290 1582 331 Deo
1597 291 1964 343 existimationem,
1979 296 2105 347 atque
2118 294 2219 335 adeo

271 348 596 395 venerationem,
629 346 803 398 cultum,
837 348 1139 396 adorationem,
1173 347 1268 388 inde
1288 349 1581 401 procedentem
1600 365 1682 391 non
1701 365 1791 391 esse
1808 352 2216 393 communicabilem.

273 409 310 449 7.
341 408 449 449 Hinc
477 405 605 446 etiam
633 404 724 446 Deo
751 406 1010 461 singularem
1037 407 1161 446 fidem
1190 408 1219 448 δι
1248 422 1434 448 amorem
1464 408 1627 459 debere,
1648 409 1747 462 quia
1764 410 1932 463 proprie
1951 412 1980 452 &
1998 411 2219 452 excellenti

270 467 449 520 quodam
479 464 599 504 modo
627 479 751 505 verax
777 466 844 507 sit.
880 465 992 514 Quas
1017 468 1101 506 tres
1131 468 1365 517 postremas
1393 466 1651 520 hypotheses
1674 467 1717 508 in
1747 469 1896 509 mediis
1926 469 2111 510 tenebris
2133 470 2219 511 suis

270 525 484 565 nobiscum
504 523 533 563 &
550 525 660 563 recte
678 523 891 565 inculcant
908 524 1110 565 Doctores
1130 523 1357 575 Pontificii,
1372 525 1482 566 inter
1495 541 1563 567 eos
1578 526 2217 581 8131910σὶ33133011131301181118

271 597 474 625 novorum
494 582 714 623 Arriauor.
733 582 772 623 ἃ·
791 585 960 625 Zwarez
978 584 1130 637 disput.
1151 583 1221 624 51.
1238 591 1325 625 sect.
1345 584 1384 625 4.
1403 585 1458 625 ad
1483 585 1764 641 leonmepay.
1780 587 1817 626 3.
1831 595 1986 642 qaae-sc.
2001 587 2068 627 25.
2083 595 2160 629 arc.
2179 589 2213 628 l.

269 643 308 684 {if
341 644 407 682 20.
440 642 478 682 S.
514 641 687 682 [luscam
720 644 886 683 tantum
917 658 1005 683 esse
1033 642 1244 696 objectum
1262 642 1493 697 religionis,
1512 645 1541 686 &
1558 645 1813 685 adorationis
1831 645 2066 700 religiosae,
2085 661 2215 687 unum

269 701 428 742 scilicet
461 714 604 741 verum
623 699 761 740 Deum
779 704 957 754 patrem,
977 701 1111 742 filium
1129 701 1158 742 81
1177 700 1247 754 Sp.
1268 717 1299 742 s.
1320 705 1464 742 contra
1482 702 1746 744 Pontificios:
1773 719 1876 757 quos
1898 704 2104 745 refutatos
2122 705 2215 746 vide

269 763 291 800 a
315 761 452 802 Boio-eto
477 760 521 799 in
544 759 796 812 Deealoqmn
814 761 869 801 ad
890 761 907 800 1
929 774 1063 814 praec.
1086 758 1127 801 8(
1149 761 1324 802 Molineo
1342 761 1387 802 in
1406 762 1589 804 Novicale
1611 762 1813 816 Papi-soni,
1833 762 2010 817 aliisque
2029 763 2215 817 Papatus

268 817 576 873 AntagonistiS.
596 818 634 857 9.
662 820 797 860 Unam
815 819 951 873 specie
969 821 1136 860 tantum
1155 834 1244 860 esse
1263 819 1550 862 adorationem
1569 821 1827 876 religiosam,
1841 836 1916 862 nec
1928 822 2129 877 gradibus
2143 825 2216 863 aut

268 877 485 931 speciebus
502 876 796 917 inferioritatis
819 878 884 918 vel
903 878 1213 932 superioritatis
1234 894 1326 919 eam
1344 879 1549 933 distingui
1561 883 1705 920 contra
1717 881 1889 934 papales
1903 881 2039 922 cultus
2052 881 2214 931 latriae,

268 936 420 985 duliae,
453 935 742 989 hyperduliae,
777 951 880 990 quos
914 952 1067 991 genere
1101 937 1187 977 sive
1215 938 1447 992 analogico,
1468 938 1554 979 sive
1573 939 1749 980 univoco
1767 939 1987 981 convenire
2006 941 2214 981 statuunt.

267 995 509 1037 Bellarmin.
544 994 611 1035 lib.
648 994 684 1035 1.
704 995 753 1036 (Ie
769 996 883 1038 culm
901 1004 1139 1038 sanctorum
1160 1010 1250 1050 cap.
1287 997 1352 1037 12.
1375 998 1544 1039 Zwarez
1562 998 1668 1052 disp.
1689 999 1749 1040 οἱι.
1769 1007 1858 1040 sect.
1877 1000 1917 1039 3.
1942 999 2006 1039 10,
2028 999 2218 1054 Proprie-

268 1062 367 1095 !ales
399 1053 581 1094 Deitatis
613 1068 696 1094 non
729 1055 1028 1096 communicari
1064 1056 1183 1110 [pag.
1206 1056 1311 1111 528]
1330 1056 1540 1097 humanae
1559 1059 1734 1098 naturae
1753 1057 1911 1098 Christi
1929 1072 2002 1111 per
2019 1058 2216 1098 unionem

266 1112 575 1167 hypostaticam
591 1127 598 1153 :
619 1113 648 1153 &
666 1116 968 1168 consequenter
986 1114 1142 1155 Christi
1162 1114 1277 1155 carni
1295 1117 1468 1168 propter
1484 1116 1835 1157 communicatam
1853 1131 2020 1157 omnem
2033 1116 2214 1157 divinam

266 1174 533 1225 potestatem,
567 1171 847 1223 majestatem,
882 1175 910 1215 &
944 1173 1123 1227 gloriam
1156 1188 1238 1214 non
1258 1174 1399 1214 deberi
1423 1175 1582 1215 cultum
1601 1175 1855 1215 adorationis
1874 1175 2053 1225 divinae,
2072 1177 2216 1216 contra

267 1230 438 1272 Libram
459 1231 707 1272 Concordiae
725 1232 782 1272 lit.
802 1232 850 1273 aa
868 1234 1052 1273 Persona
1073 1233 1234 1279 Christi,
1255 1234 1283 1274 81
1301 1233 1343 1272 111
1362 1234 1543 1287 esaaloqo
1569 1234 1851 1276 Testimonior.
1877 1233 2014 1275 {lambi
2031 1235 2218 1276 Andreae

269 1291 309 1331 in
327 1290 483 1344 disput.
503 1289 725 1344 Tubingae
744 1306 852 1331 anno
873 1291 997 1332 1582.
1018 1292 1118 1333 thesi
1138 1291 1232 1331 144.
1257 1292 1352 1332 145.
1373 1292 1401 1332 81
1428 1293 1688 1334 Osiaudrum
1706 1294 1920 1334 ‚Iuniorem
1940 1293 1985 1334 in
2002 1294 2216 1335 E‘nclzirid.

273 1349 459 1392 Controv.
484 1348 646 1391 Calvisi.
665 1364 694 1390 c.
716 1349 753 1390 6.
773 1364 843 1405 qa.
865 1351 903 1390 5.
924 1351 1161 1392 Echardam
1184 1351 1227 1391 ῐη
1244 1351 1438 1405 fasciculo
1456 1366 1542 1405 cap.
1564 1352 1602 1391 6,
1622 1366 1690 1407 qao.
1713 1352 1779 1392 12.
1798 1351 1906 1400 Quid
1930 1354 2071 1392 antem
2094 1352 2158 1392 illi
2173 1352 2216 1392 in

268 1408 420 1449 nostris
453 1411 712 1462 oppugnent,
746 1410 774 1450 81
803 1409 903 1462 (1111(1
920 1410 1053 1450 nostri
1078 1425 1126 1450 ex
1146 1409 1364 1463 scripturis
1383 1412 1412 1452 &z
1430 1411 1662 1451 orthodoxa
1681 1411 1936 1464 antiquitate
1954 1410 2216 1451 defenderint

268 1467 359 1507 vide
387 1468 498 1520 apud
517 1468 752 1514 Danaeam,
775 1469 942 1510 Bczam.
969 1468 1205 1510 Zanclziam.
1228 1469 1440 1510 Zadeelem
1458 1470 1510 1510 ab
1530 1469 1778 1510 adversariis
1797 1470 1952 1510 ibidem
1970 1470 2123 1511 citatos.
2148 1470 2214 1510 11.

270 1526 412 1568 Gloria
443 1526 521 1567 Dei
555 1526 616 1581 (in
648 1527 764 1580 cujus
792 1527 1030 1579 cognitione
1047 1528 1249 1568 fundatur
1271 1528 1405 1568 omnis
1424 1528 1675 1581 glorificatio
1694 1528 1999 1581 creaturarum)
2018 1544 2107 1569 esse
2126 1528 2215 1570 Deo

268 1585 548 1634 essentialem,
582 1585 706 1625 unius
738 1586 867 1626 solius
900 1587 929 1628 δῦ
947 1602 1112 1639 semper
1134 1587 1360 1640 propriam,
1378 1602 1454 1628 nec
1472 1587 1549 1627 ulli
1572 1590 1788 1628 creaturae
1807 1587 2212 1628 communicabilem.

271 1644 335 1683 12.
355 1645 461 1685 Eam
479 1644 644 1685 differre
664 1646 688 1684 3
705 1645 840 1698 gloria
858 1645 1015 1686 Christi
1038 1646 1224 1686 humana
1243 1647 1271 1687 &
1289 1646 1549 1693 mediatoria,
1569 1646 1724 1700 quippe
1744 1661 1851 1700 (11130
1869 1646 1924 1686 sit
1941 1646 2115 1687 inferior
2133 1661 2213 1687 non

267 1702 431 1743 divinae
465 1703 666 1756 aequalis,
701 1704 772 1744 sed
790 1705 993 1757 proxima.
1018 1704 1111 1755 (Est
1134 1704 1244 1745 enim
1263 1705 1337 1745 illa
1356 1705 1605 1756 essentialis,
1625 1721 1675 1745 ex
1698 1705 1883 1745 naturali
1902 1705 2152 1746 necessitate
2169 1720 2214 1746 ac

268 1761 524 1815 proprietate
542 1762 628 1802 filio
648 1764 671 1802 a
688 1765 807 1815 patre
825 1766 1054 1817 generante
1073 1763 1391 1804 communicata.
1410 1763 1498 1804 Ista
1516 1780 1612 1805 vero
1627 1767 1688 1804 est
1702 1764 1870 1805 Christo
1883 1766 1966 1818 (1113
1981 1764 2215 1814 mediatori,

268 1821 296 1861 81
328 1822 411 1873 qua
443 1820 604 1860 homini
639 1821 792 1861 collata
823 1837 873 1862 ex
906 1822 1039 1863 libera
1070 1822 1148 1863 Dei
1182 1823 1411 1871 voluntate,
1446 1825 1474 1865 Sa
1507 1823 1640 1864 libera
1673 1823 1835 1877 gratiae
1869 1823 2214 1876 dispensatione.)

268 1878 455 1919 Gloriam
489 1881 629 1920 autem
663 1882 765 1933 pure
797 1881 980 1921 divinam
1015 1881 1182 1922 Christo
1215 1882 1420 1922 duntaxat
1453 1882 1596 1932 tribui,
1639 1897 1721 1936 (1113
1760 1882 1874 1922 Deus
1913 1884 1986 1922 est.
2023 1881 2214 1935 Utraque

268 1938 371 1978 haec
413 1938 661 1992 hypothesis
705 1939 925 1980 deducitur
970 1942 993 1980 3
1028 1941 1188 1982 Polauo
1216 1948 1423 1995 synlaqm.
1456 1941 1523 1982 m).
1554 1942 1591 1981 2.
1621 1956 1652 1981 c.
1684 1941 1751 1981 31.
1780 1955 1874 1995 pay.
1908 1941 2003 1980 190.
2043 1939 2151 1981 Vide
2186 1942 2215 1982 ἅτ

266 1996 408 2037 confer
431 1997 521 2037 fuse
541 1997 570 2038 St
588 2012 637 2038 ex
656 1998 842 2050 professo
865 1999 973 2040 hanc
995 1999 1290 2048 distictionem‚
1310 2000 1480 2053 ejusque
1497 2000 1790 2040 necessitatem
1809 2002 1953 2040 contra
1971 1998 2214 2040 Socinianos

267 2055 518 2108 explicatam
544 2058 567 2096 3
587 2056 832 2112 Polyandro
852 2058 895 2098 in
912 2059 1050 2112 primo
1067 2059 1360 2100 concertatione
1376 2072 1406 2099 c.
1427 2059 1670 2100 Sociaiaaos
1687 2072 1761 2112 cap
1797 2059 1864 2099 531.
1885 2073 1958 2112 per
1974 2060 2124 2098 totum.
2147 2059 2213 2099 13.

268 2114 482 2155 Christum
506 2117 713 2168 quatenus
731 2116 937 2157 mediator
954 2119 1030 2167 est,
1049 2120 1169 2171 patre
1188 2117 1405 2166 minorem,
1426 2117 1546 2171 eique
1570 2117 1889 2158 subordinatum
1907 2117 2214 2171 &inaequalem

267 2187 374 2213 esse:
394 2176 645 2227 quaet-amen
658 2174 939 2228 inaequalitas
952 2191 1033 2216 non
1046 2176 1253 2217 naturalis
1267 2177 1295 2216 ἃ*
1308 2176 1599 2217 substantialis
1611 2177 1681 2217 sed
1695 2175 1970 2217 Oeconomica
1983 2176 2011 2215 &
2023 2176 2213 2224 relativa3

267 2232 377 2284 quod
394 2247 443 2272 ex
466 2237 499 2272 1.
523 2234 613 2273 Cor.
636 2233 701 2273 11.
722 2234 759 2272 3.
779 2235 855 2275 les.
876 2236 915 2275 2.
938 2235 974 2275 1.
992 2235 1081 2276 1011.
1104 2236 1166 2274 14.
1189 2236 1257 2275 28.
1276 2235 1407 2275 nostri
1424 2235 1467 2274 in
1485 2234 1840 2288 disputationilms
1854 2239 1998 2275 contra
2014 2234 2214 2275 Arrianos

268 2291 508 2331 concedunt.
543 2290 651 2331 Vide
686 2293 751 2333 Fr.
786 2294 963 2334 szmm
996 2294 1164 2348 Desens.
1198 2294 1237 2334 2.
1270 2294 1319 2334 (le.
1358 2294 1471 2334 Tria.
1491 2308 1522 2335 c.
1544 2294 1579 2333 7.
1605 2294 1668 2333 11.
1692 2295 1758 2334 12.
1778 2295 1848 2335 20.
1867 2294 1897 2335 8.)
1918 2294 2150 2335 Zanchiam
2167 2294 2216 2334 de

275 2350 320 2389 To
335 2349 423 2390 ibas
442 2350 605 2391 Elolm'm
620 2359 730 2404 part.
751 2352 790 2391 2.
815 2353 840 2393 l.
860 2354 898 2394 3.
917 2367 947 2393 c.
972 2353 1037 2393 10.
1058 2354 1086 2394 ἃ
1108 2353 1230 2393 11.-
1253 2351 1330 2392 HI.
1352 2352 1567 2394 Poscalala
1585 2352 1691 2393 haec·
1711 2355 1848 2403 sunto,
1867 2368 1916 2393 ex
1932 2352 2212 2406 philosophia.

274 2408 309 2447 l.
343 2407 495 2448 Forma
528 2408 586 2449 rei
607 2410 728 2450 unica
747 2413 822 2459 est,
843 2412 871 2452 ἃ
889 2426 1014 2452 causa
1032 2411 1217 2452 efficiens
1235 2411 1425 2464 proxima
1444 2411 1565 2451 unica
1586 2414 1662 2461 est,
1681 2427 1764 2465 qua
1787 2411 1924 2465 posita
1946 2425 2011 2451 res
2028 2410 2212 2464 ponitur,

269 2466 297 2506 δι
331 2467 472 2506 ablata
504 2468 707 2509 aufertur.
742 2470 780 2508 2.
815 2469 862 2509 111
896 2470 1039 2510 ordine
1072 2470 1123 2510 ad
1145 2470 1391 2510 facultatem
1413 2485 1487 2510 seu
1508 2470 1728 2520 actionem,
1748 2485 1855 2524 (11130
1874 2469 1982 2511 circa
2003 2470 2212 2523 objectum

269 2527 470 2572 versatur,
507 2541 588 2566 una
622 2529 787 2567 tantum
822 2531 885 2569 est
916 2529 1023 2569 ratio
1057 2528 1247 2569 formalis
1269 2528 1311 2568 in
1335 2529 1510 2581 objecto,
1529 2529 1629 2582 quia
1646 2529 1721 2569 illa
1738 2529 1845 2569 nihil
1865 2528 1979 2569 aliud
2001 2530 2065 2569 est
2086 2542 2213 2583 qusim

270 2583 407 2635 forma
425 2585 653 2626 secandam
670 2600 797 2641 qaam
814 2587 1014 2641 objectum
1030 2595 1085 2628 est
1106 2588 1303 2629 motivam
1322 2588 1434 2629 illius
1449 2588 1666 2641 polentiae,
1690 2588 1916 2628 secundum
1935 2586 2101 2628 Scotwu
2117 2587 2160 2628 in
2176 2588 2211 2627 1.

270 2641 361 2681 (list.
382 2642 421 2682 3.
439 2656 508 2696 qa.
529 2644 565 2683 1.
584 2643 732 2697 Itaque
750 2646 891 2698 plures
909 2645 951 2686 in
969 2647 1112 2687 eodem
1130 2646 1292 2700 objecto
1310 2646 1530 2687 admittere
1548 2646 1731 2687 rationes
1748 2646 1947 2687 formales
1963 2648 2050 2686 tani
2065 2645 2212 2686 absur—

272 2700 369 2739 dum
399 2703 462 2740 est
484 2715 610 2754 quam
627 2703 768 2755 plures
787 2705 971 2757 ejusdem
990 2705 1050 2745 rei
1068 2707 1253 2745 statuere
1271 2705 1427 2745 formas
1447 2705 1674 2759 specificas.
1699 2706 1737 2744 3.
1761 2704 1882 2745 Ratio
1899 2703 2067 2745 formali
2086 2706 2132 2744 ut
2150 2706 2213 2744 est

271 2758 537 2811 principium,
556 2761 662 2800 unde
680 2761 814 2814 primo
832 2763 862 2804 &
879 2763 1120 2804 immediate
1136 2779 1201 2804 res
1220 2763 1437 2817 dependet,
1457 2764 1514 2805 sic
1531 2766 1595 2804 est
1611 2763 1808 2804 ultimum
1826 2763 2033 2817 obJ'ectum
2047 2762 2089 2802 in
2103 2763 2213 2816 quod

271 2816 331 2857 rei
364 2816 486 2857 istius
520 2818 668 2859 ultima
702 2819 756 2860 sit
789 2822 985 2875 analysis.
1020 2822 1058 2862 4.
1094 2821 1220 2863 Ratio
1238 2821 1427 2863 formalis
1444 2837 1539 2864 cum
1556 2837 1600 2863 re
1618 2823 1692 2863 illa
1713 2821 1997 2876 reciprocatur
2015 2821 2131 2875 cujus
2150 2823 2213 2862 est

2106 2879 2214 2921 ratio
