2399 3084
273 79 356 119 364
713 79 870 121 I)1sr.
904 79 1109 121 X11.D1.·
1142 80 1286 123 LEGE
1319 82 1769 125 ETEUANGELIO.

272 202 294 241 ἐι
327 199 419 250 fide,
457 215 540 241 non
571 201 696 254 plane
718 199 943 253 Barbaros,
978 202 1048 243 sed
1070 203 1211 256 aliquo
1228 204 1371 246 ordine
1389 203 1566 247 Politico
1585 206 1771 248 excultos
1793 206 1957 249 facilior
1979 209 2043 249 est
2061 223 2069 257 ;
2089 222 2214 261 quam

272 258 527 312 praedicatio
559 259 799 314 Euangelii.
839 259 959 301 Ratio
992 263 1068 312 est,
1096 261 1195 315 quia
1210 262 1370 304 habent
1388 263 1495 305 circa
1513 279 1556 305 se
1574 264 1737 318 aliquas
1754 265 1869 321 leges
1888 266 2036 316 civilis,
2059 266 2088 308 &
2104 266 2215 307 intra

271 331 313 358 se
348 317 600 371 principium
638 317 850 360 internum
882 320 1175 361 secundarium
1212 321 1319 376 legis
1345 323 1623 376 praedicatae,
1647 324 1882 377 synteresin
1905 324 1993 366 scil.
2016 326 2212 367 &rectam

270 375 477 416 rationem
501 376 611 424 (vide
644 377 759 419 Rom.
795 378 872 428 2.):
911 377 1193 434 Euangelium
1221 383 1362 421 autem
1383 395 1465 422 non
1482 382 1612 423 habet
1628 382 1762 423 ullum
1780 383 2033 438 principium
2049 386 2217 437 praeter

271 434 445 475 verbum
489 434 582 475 Dei.
617 433 715 476 Non
736 438 878 478 tamen
915 436 994 477 hoc
1026 452 1190 493 semper
1218 438 1403 491 obtinet,
1448 443 1495 481 ut
1527 441 1645 482 docet
1676 455 1750 482 nos
1793 442 2031 496 exemplum
2062 441 2214 483 Felicis

270 492 401 534 Actor.
421 493 563 538 2425,

328 550 384 592 Π.
422 552 555 594 Concl.
589 552 853 594 Praedicatio
888 554 993 609 legis
1026 555 1193 611 integra
1226 557 1452 598 secundum
1484 556 1737 612 Scripturas,
1767 559 1974 613 imprimis
1992 559 2130 614 primi,
2151 574 2215 601 se-

271 610 395 651 cundi
429 611 457 652 &
495 611 644 652 decimi
661 613 888 666 praecepti,
917 614 1027 667 apud
1049 614 1252 666 infideles,
1272 616 1464 669 quamvis
1486 617 1630 658 ordine
1648 617 1761 658 civili
1783 619 1812 660 ἃ
1830 618 1996 672 legibus
2015 618 2214 669 excultos,

270 683 349 709 non
370 669 535 710 videtur
552 669 716 712 facilior
739 686 828 712 esse
847 686 974 726 quam
991 672 1231 727 Euangelii.
1266 673 1331 715 Ne
1350 675 1520 729 quidem
1541 675 1865 727 Hermodorum,
1888 675 2116 728 Socratem,
2140 674 2214 717 Se-

271 741 428 777 necam,
448 728 477 769 81
500 728 658 770 similes
677 730 784 784 legis
802 745 1027 784 praecones
1046 731 1155 773 ferre
1168 735 1409 786 potuerunt.
1443 733 1525 775 Sed
1543 735 1591 775 de
1610 749 1657 775 eo
1682 735 1863 789 amplius
1881 735 2154 790 disquiratur.

329 784 406 827 III.
444 788 577 828 Concl.
611 787 874 830 Praedicatio
892 789 998 844 legis
1016 791 1301 844 superficiaria
1319 793 1430 845 apud
1451 792 1663 834 Barbaros
1680 793 1909 848 Cyclopum
1926 794 2059 835 instar
2075 794 2215 835 viven-

270 847 347 895 tes,
381 859 508 898 quam
531 845 669 887 facilis
701 846 756 887 sit
774 848 892 888 docet
910 849 1191 902 experientia:
1216 850 1366 891 saltem
1389 851 1644 904 praedicatio
1662 853 1848 906 ejusdem
1869 852 2035 907 integra
2052 852 2216 894 facilior

273 917 355 943 non
375 906 437 944 est
460 918 587 958 quam
609 905 851 960 Euangelii.
883 905 995 948 Huic
1017 908 1143 959 enim,
1177 909 1276 962 quia
1305 924 1397 950 eam
1419 925 1494 951 nec
1511 912 1671 961 curant,
1697 926 1769 952 nec
1791 910 1975 965 capiunt,
1998 926 2072 953 nec
2089 911 2215 952 intel-

271 961 423 1016 ligunt,
456 962 564 1004 forte
592 964 944 1016 transmitterent,
975 980 1050 1007 nec
1073 967 1112 1008 ei
1128 967 1352 1009 admodum
1370 969 1635 1010 resisterent:
1664 969 1730 1010 illi
1746 984 1843 1010 vero
1861 971 2029 1011 strenue
2045 969 2215 1011 resiste-

270 1023 376 1069 rent,
396 1021 495 1075 quia
512 1022 717 1063 sentirent
734 1024 1044 1077 corruptionem
1067 1039 1186 1067 suam
1198 1026 1330 1081 tangi.

329 1077 404 1120 IV.
443 1081 576 1122 Concl,
609 1081 874 1122 Praedicatio
913 1084 941 1125 &
965 1084 1192 1138 applicatio
1211 1085 1318 1140 legis
1341 1086 1566 1127 secundum
1585 1085 1837 1141 Scripturas,
1856 1087 2047 1129 absolute
2065 1087 2215 1129 diffici-

272 1138 349 1177 lior
368 1140 431 1179 est
450 1139 561 1192 apud
579 1139 841 1182 Christianos
860 1142 1084 1193 auditores,
1104 1157 1231 1197 quam
1253 1145 1508 1198 praedicatio
1541 1145 1781 1201 Euangelii.
1814 1145 1905 1187 Hoc
1927 1146 2069 1188 solidis
2088 1161 2215 1201 argu-

270 1196 425 1237 mentis
463 1199 491 1239 &
524 1198 784 1252 experientia
817 1200 1046 1242 universali
1073 1202 1206 1243 evinci
1222 1205 1375 1256 potest.
1409 1202 1527 1252 Quod
1549 1205 1741 1258 sequenti
1757 1207 1876 1259 parte
1892 1205 2099 1259 pluribus,
2118 1205 2217 1259 quia

271 1269 381 1296 nunc
399 1256 745 1312 abrumpendum,
765 1258 1028 1301 deducemus.
1042 1260 1160 1316 [pag.
1195 1261 1273 1317 47]

503 1431 645 1494 DE
708 1433 1005 1498 LEGE
1079 1437 1210 1498 ET
1282 1438 2001 1503 EUANGELIO.

1072 1564 1179 1596 PARS
1203 1564 1368 1597 TERTfA.
1395 1566 1421 1608 ¹)

328 1683 443 1723 Parc.
480 1683 517 1724 2.
552 1684 679 1739 lzaJ‘as
710 1688 831 1742 Disp.
865 1698 1019 1743 qaaesc.
1038 1691 1180 1732 asad
1199 1693 1459 1745 propositam
1475 1693 1752 1747 qaaestionem
1786 1693 2123 1747 comparativam,
2147 1693 2214 1734 An

268 1739 431 1781 facilior
463 1742 518 1782 sit
549 1744 806 1796 praedicatio
839 1746 1080 1802 Euangelii,
1114 1764 1242 1803 quam
1273 1749 1410 1805 Legis,
1443 1765 1519 1805 per
1540 1752 2217 1806 quatuorconcursiones(listinae

267 1800 583 1852 respondimus:
615 1804 685 1844 sed
721 1805 819 1859 qaia
857 1813 954 1848 tanc
985 1810 1179 1861 temporis
1215 1807 1256 1850 ἃ·
1277 1809 1440 1851 chartae
1461 1810 1657 1864 anquam
1678 1823 1766 1850 non
1783 1811 1939 1852 sinebat
1956 1818 2150 1866 quartam
2176 1810 2216 1852 ἃ

265 1865 518 1911 poscremam
543 1863 842 1905 conda-sionem
863 1864 1005 1907 debitis
1027 1867 1262 1908 rationibus
1279 1868 1471 1917 mzmire;
1493 1869 1539 1909 in
1569 1869 1786 1922 praesenti,
1804 1868 1837 1909 Ι.
1865 1870 1984 1921 Quod
2005 1877 2102 1911 tanc
2117 1883 2216 1923 ‘pro-

266 1915 473 1968 misimus,
492 1927 725 1972 praescaerc
741 1923 998 1966 conabimur.
1031 1924 1086 1966 ΙΙ.
1122 1925 1388 1968 Problemata
1406 1928 1561 1982 aliquot
1576 1928 1799 1981 praeterita
1816 1928 2070 1982 subjicimus.

327 2052 350 2104 ξ
387 2051 428 2094 1.
462 2053 531 2095 Sic
562 2070 663 2110 ergo
686 2056 890 2098 formetur
912 2060 1116 2112 quaestio,
1136 2061 1201 2101 An
1217 2061 1452 2115 reformatis
1479 2061 1842 2102 concionatoribus
1860 2062 1905 2102 in
1926 2061 2112 2104 [ccelesiis
2129 2062 2217 2103 suis

270 2109 506 2162 reformatis
538 2114 701 2167 facilior
731 2116 782 2157 sit
800 2125 994 2158 accurata
1011 2132 1060 2159 (ἢν
1076 2119 1304 2172 Scriptaris
1321 2120 1574 2173 praedicatio
1593 2121 1722 2173 Leqe's,
1746 2133 1874 2175 quam
1892 2120 2109 2174 Euanqelii
2124 2136 2136 2161 .·
2158 2134 2211 2160 (m

268 2180 361 2209 vero
382 2173 556 2213 contra?
575 2172 664 2214 Nos
679 2187 746 2227 pr.
768 2176 863 2230 Neq.
881 2184 1031 2230 poster.
1051 2179 1132 2233 Aff.
1168 2178 1408 2231 Antequam
1431 2179 1482 2218 ad
1504 2178 1796 2231 probationem
1829 2179 2074 2229 accedimus,
2093 2193 2214 2232 prae-

270 2228 438 2281 cognita
455 2229 559 2272 haec
575 2232 900 2285 praemittimus.

328 2285 361 2327 I.
395 2286 656 2331 Praedicatio
669 2289 794 2344 Legis
811 2292 841 2333 8z
860 2292 1088 2347 Euangelii
1106 2296 1153 2334 fit
1173 2295 1410 2348 tripliciter.
1449 2297 1483 2335 1.
1515 2297 1577 2337 Vel
1594 2296 1645 2336 ad
1662 2298 1804 2337 textus
1822 2295 2077 2349 Scripturae,
2097 2298 2215 2337 extra

270 2359 372 2398 quos
405 2347 617 2388 doctrinae
650 2364 722 2389 seu
755 2350 896 2392 theses
929 2351 1224 2406 Theologicae,
1263 2368 1356 2394 cum
1375 2354 1522 2394 usibus
1539 2355 1568 2395 85
1585 2354 1938 2407 applicationibus
1957 2355 2043 2395 suis
2061 2368 2214 2408 propo-

269 2404 442 2453 nendae,
476 2420 558 2446 non
587 2410 820 2461 evagantur
853 2410 891 2450 2.
937 2411 1000 2452 Vel
1017 2411 1068 2451 ad
1085 2413 1226 2452 textus
1245 2410 1486 2465 Scripturae
1509 2412 1636 2453 semol
1655 2415 1728 2453 aut
1750 2427 1873 2466 saepe
1895 2413 2145 2466 praelectos3
2165 2427 2215 2453 ex

269 2461 422 2514 quibus
454 2478 536 2504 non
567 2467 736 2506 tantum
768 2468 1000 2508 educuntur
1019 2469 1231 2510 doctrinae
1254 2470 1341 2510 illic
1359 2473 1594 2521 contentae,
1618 2471 1688 2511 sed
1707 2471 1832 2511 etiam
1857 2472 1908 2511 ad
1925 2472 2088 2511 eosdem
2108 2471 2216 2511 aliae

270 2520 480 2562 doctrinae
500 2523 770 2564 cohaerentes
796 2526 1071 2576 adducuntur,
1090 2527 1217 2568 donec
1234 2531 1418 2582 systema
1440 2529 1615 2582 alicujus
1640 2529 1718 2570 loci
1736 2530 1980 2579 communis,
1995 2532 2068 2570 aut
2088 2532 2214 2570 mate-

270 2577 371 2625 riae,
406 2583 479 2619 aut
506 2580 610 2633 justi
627 2584 833 2624 tractatus
851 2584 1106 2625 absolvatur.
1141 2584 1258 2626 Haec
1279 2587 1502 2627 methodus
1515 2588 1782 2640 praedicandi
1800 2588 1956 2628 usitata
1978 2587 2099 2628 estin
2119 2601 2212 2628 con·

270 2635 460 2676 cionibus
492 2652 564 2680 seu
598 2640 845 2682 lectionibus
879 2643 1033 2684 nostris
1051 2642 1351 2693 Catecheticis;
1381 2645 1588 2698 imprimis
1606 2646 1798 2699 pluribus
1816 2645 2044 2700 Theologis
2062 2645 2214 2699 Anglis

2130 2717 2214 2755 jam

315 2844 346 2886 ¹)
370 2844 472 2888 Resp.
496 2846 632 2881 Jacono
655 2848 854 2892 BEUGHOLT,
878 2852 1117 2886 Amstelodam.
1143 2853 1196 2886 22.
1219 2853 1323 2887 ,Iunii
1345 2853 1445 2887 1658.
