2399 3084
297 88 438 129 Disr.
475 87 592 130 VIII.
627 87 698 128 DE
732 88 971 129 PEnsoNA
1005 87 1613 131 C11a1s'r1MEniA'r0ss1s.
1647 90 1784 132 PARS
1816 91 1872 133 Π.
1964 92 2045 132 231

111 209 236 263 bique
268 206 314 246 τὸ
346 223 429 264 qua
462 209 804 264 reduplicale‘umn
847 209 1031 263 intelligi
1065 210 1170 258 volo,
1211 226 1258 251 eo
1291 211 1399 263 quod
1427 211 1746 253 fundamentum
1764 212 2049 255 adorationem

112 268 306 320 fundans,
342 268 370 309 ἃ
403 268 613 321 objectum
646 268 827 317 primum
863 283 909 308 ac
941 268 1076 321 primo
1109 268 1424 309 terminativun}
1448 269 1704 311 adorationis
1721 270 1790 312 hic
1808 274 2048 325 quaeratur.

111 325 178 367 Sic
211 341 312 381 ergo
331 326 520 379 quaestio
548 326 807 367 reformetur.
848 325 914 366 An
947 326 1137 367 Christus
1162 341 1244 379 qua
1260 326 1398 377 homo,
1419 327 1498 367 hoc
1516 330 1577 368 est
1595 329 1672 369 sul)
1691 329 1764 370 illo
1782 329 1950 370 formali
1967 331 2048 382 qua

112 383 250 435 homo,
274 384 329 425 sit
347 385 591 425 adorandus.
628 384 708 425 Hic
740 384 976 425 affirmetur
993 387 1066 425 aut
1093 387 1285 438 negetur,
1305 388 1377 425 aut
1395 385 1679 439 distinguatur
1725 387 1818 441 Ego
1837 386 1973 439 Nego,
1993 388 2049 428 si-

111 443 276 496 quidem
293 456 338 480 r:
358 457 439 496 qua
457 442 769 496 rediqdicative,
787 444 815 485 ἃ
834 440 877 479 τὲ
896 443 970 484 sab
990 443 1056 484 illo
1073 443 1245 496 formali
1260 457 1357 498 qua,
1387 444 1551 497 proprie
1585 445 1614 486 sc
1639 460 1688 485 ex
1714 460 1790 486 usu
1808 445 2045 487 scholarum

110 500 139 541 ἃ
171 516 220 541 ex
258 516 381 543 sensu
415 516 461 542 ac
494 516 615 554 scopo
648 501 976 542 adversariorum
1013 501 1223 555 (Pontific.
1243 502 1270 543 81
1289 500 1536 555 Lutlieran.)
1557 503 1810 556 accipiatur:
1831 504 1892 544 uti
1915 504 2046 558 accipi

110 559 244 600 debet.
277 559 323 601 Si
339 574 551 613 opponens
569 574 731 600 mecum
749 560 777 600 81
796 574 890 600 611111
907 559 1101 600 omnibus
1121 559 1362 600 orthodoxis
1380 562 1519 613 neget,
1533 561 1622 613 jam
1639 561 1750 602 videt
1772 577 1861 603 esse
1880 565 2044 603 contro-

109 617 285 659 versiam
308 618 476 659 realem.
496 616 570 658 Sin
584 632 677 658 cum
695 618 886 659 Pontific.
906 619 934 659 St
947 617 1199 658 Lut'neranis
1218 617 1411 668 affirmet,
1420 619 1508 671 jam
1523 618 1601 659 erit
1619 620 1898 661 controversia
1911 621 2047 675 magis

109 676 246 717 realis.
272 675 353 718 Sed
371 677 404 717 si
423 675 669 730 distinguat,
688 691 993 729 quamcumque
1021 675 1331 717 distinctionem
1349 676 1526 726 adferat,
1546 678 1779 719 necessario
1800 680 1873 719 aut
1895 678 2047 719 disser-

108 734 213 775 tatio
229 735 317 776 eius
330 749 465 775 meam
481 749 648 775 causam
657 734 836 788 juvabit,
852 734 978 774 autin
998 749 1157 774 meram
1171 735 1318 776 evadet
1336 733 1593 783 ἁκυρελεγίκν
1612 738 1685 776 aut
1704 740 1774 783 >roy
1784 739 1956 787 ομκχίοω
1975 739 2048 778 aut

107 795 359 843 σκεομχχὶκν.
385 792 535 833 Restat
553 807 661 833 1111116
678 792 983 833 controversiae
1001 792 1124 845 hujus
1143 793 1278 846 magis
1300 792 1573 834 illustrandae
1598 808 1697 848 ergo
1715 795 1767 835 ad
1778 795 2045 848 problemata

107 851 306 892 nonnulla
323 851 658 904 respondeamus.
676 851 811 892 Proba.
832 850 864 892 1.
883 850 950 891 An
972 850 1224 892 Lutheranis
1242 851 1409 892 concedi
1426 851 1559 904 possit
1577 851 1792 893 Christum
1810 855 1893 906 qua
1906 853 2044 894 homi-

106 924 201 950 nem
226 909 503 950 adorandum:
541 911 586 949 ut
614 907 918 956 wymvzssdcret
945 909 1020 950 illa
1037 909 1177 949 odium
1196 908 1473 950 Nestorianae
1496 909 1711 952 divisionis
1730 913 1976 953 naturarum
2004 912 2047 952 in

110 966 234 1008 Chrio
251 982 332 1021 quo
349 983 423 1008 nos
437 982 612 1022 gravare
631 967 778 1017 solent,
796 969 913 1007 tanto
930 967 1079 1008 melius
1093 967 1300 1008 declinare
1320 967 1462 1021 &ipsis
1476 968 1524 1008 de
1538 969 1698 1010 sincera
1711 969 1957 1011 orthodoxia
1968 970 2048 1011 hac

109 1025 149 1065 111
162 1029 280 1079 parte
294 1026 534 1067 satisfacere
548 1025 700 1079 possim
708 1040 768 1066 us.
781 1026 899 1079 Resp.
917 1025 949 1066 I.
965 1026 1301 1080 Praesupponim
1311 1040 1357 1068 as
1369 1041 1529 1067 meram
1542 1027 1796 1069 calumniam
1809 1043 1911 1079 esse,
1926 1028 2047 1082 quid-

108 1084 206 1137 quid
229 1085 277 1125 de
295 1087 447 1139 negato
471 1084 585 1125 cultu
603 1085 632 1126 81
656 1084 896 1124 adoratione
915 1083 1071 1125 Christi
1088 1084 1284 1134 hominis,
1304 1099 1376 1125 seu
1393 1084 1574 1126 hominis
1602 1085 1760 1127 Christi
1772 1086 1815 1127 111
1837 1089 2040 1137 concreto,

107 1142 258 1183 nostris
275 1143 343 1184 hic
360 1143 594 1197 imponunt,
613 1142 728 1196 apud
739 1142 933 1183 Jcceobmn
947 1143 1136 1184 Andreae
1148 1143 1254 1196 disp.
1273 1143 1320 1184 de
1337 1157 1472 1193 coena,
1490 1158 1667 1197 persona
1689 1145 1838 1186 Christ.
1857 1159 2041 1187 comma-

107 1201 306 1243 ‘nicalione
339 1202 596 1251 idiomalmn,
622 1201 809 1254 rece‘ye’osa
835 1201 1076 1242 adoratione
1095 1201 1245 1243 Clu-isca?
1266 1215 1347 1256 qua
1367 1202 1500 1250 homo,
1525 1201 1746 1257 Tubingae
1767 1204 1890 1244 1:382.
1924 1202 2044 1245 Nun-

108 1273 235 1312 quam
267 1260 376 1300 enim
409 1260 541 1300 nostri
573 1259 615 1299 111
650 1259 840 1299 terminis
878 1259 935 1300 sic
963 1259 1091 1300 locuti
1108 1262 1218 1310 sunt,
1236 1260 1389 1300 nedum
1413 1263 1458 1300 ut
1477 1260 1617 1301 thesin
1639 1261 1769 1302 talem
1787 1277 1837 1303 ex
1854 1262 2040 1316 professo

109 1317 264 1359 alicubi
301 1318 574 1359 defenderint.
607 1317 696 1358 Nec
729 1317 857 1358 etiam
893 1332 968 1371 per
1004 1318 1135 1358 ullam
1167 1318 1507 1372 consequentiam
1541 1334 1590 1360 ex
1622 1323 1777 1374 negata
1803 1320 2043 1364 adoratione

109 1375 265 1417 Christi
291 1376 473 1418 hominis
502 1392 584 1430 qua
610 1376 806 1426 hominis,
824 1376 909 1417 tale
931 1377 1031 1430 quid
1049 1376 1166 1417 educi
1184 1378 1212 1419 &
1230 1376 1389 1430 imponi
1418 1380 1573 1430 potest3
1593 1392 1675 1419 non
1692 1378 1828 1432 magis
1846 1394 1972 1432 quam
1995 1394 2043 1420 ex

108 1437 263 1489 negata
294 1435 447 1475 nostris
471 1437 614 1476 contra
640 1433 881 1476 Socinianos
899 1437 927 1477 St
944 1434 1303 1486 Remonstrantes,
1319 1435 1619 1489 justificatione
1641 1451 1714 1490 per
1734 1437 1859 1478 fidem
1876 1452 1957 1491 qua
1975 1452 2042 1478 ca-

108 1492 232 1534 ritate
265 1493 512 1534 instructam
536 1494 564 1535 81
594 1493 817 1541 efficacem,
837 1493 1026 1534 concludi
1044 1493 1189 1547 possit,
1207 1508 1283 1534 nos
1300 1508 1455 1548 negare
1468 1494 1810 1548 justificationem
1829 1510 1903 1549 per
1920 1496 2044 1537 fidem

109 1551 283 1592 caritate
300 1552 548 1593 instructam
571 1553 599 1594 ἃ
618 1551 830 1593 efficacem
845 1567 852 1601 ;
867 1554 992 1606 atque
1016 1553 1116 1593 adeo
1136 1552 1317 1593 dividere
1345 1567 1392 1594 ac
1411 1552 1606 1593 divellere
1624 1554 1783 1594 fidema
1800 1554 1988 1605 caritate,
2014 1556 2043 1597 &

108 1610 298 1651 absolute
326 1613 509 1651 statuere
542 1625 696 1661 veram,
731 1610 881 1660 vivam,
921 1625 967 1651 ac
1003 1610 1232 1651 salvificam
1265 1625 1352 1652 esse
1370 1611 1507 1662 fidem,
1531 1626 1636 1664 quae
1654 1612 1708 1653 sit
1726 1612 1814 1653 sine
1832 1612 2041 1667 operibus,

109 1671 251 1708 contra
280 1669 412 1710 Jacob.
446 1670 483 1708 2.
522 1670 611 1711 Gal.
647 1668 684 1708 5.
718 1671 1018 1722 &insequenter
1038 1669 1148 1710 bona
1165 1684 1290 1722 opera
1307 1684 1389 1709 non
1407 1684 1495 1710 esse
1514 1670 1619 1710 veris
1638 1670 1831 1712 fidelibus
1853 1671 2043 1712 absolute

111 1728 183 1766 aut
216 1727 300 1767 ullo
336 1727 456 1767 modo
478 1726 724 1768 necessaria.
758 1730 848 1775 Qua
877 1727 1056 1768 absurda
1079 1729 1107 1769 81
1131 1727 1387 1768 calumniosa
1404 1728 1700 1781 consequentia
1717 1729 1930 1770 Pontificii
1948 1744 2042 1771 sen-

110 1785 287 1825 tentiam
321 1785 593 1826 orthodoxam
625 1799 800 1839 gravare
819 1786 966 1826 solent.
1000 1785 1097 1826 Non
1114 1785 1250 1839 magis
1270 1785 1411 1835 etiam,
1430 1801 1555 1838 quam
1572 1785 1784 1828 Sociniani
1800 1787 1953 1829 nostris
1970 1802 2042 1829 ne-

108 1843 308 1897 gantibus
340 1843 553 1884 Christum
588 1846 670 1897 qua
702 1846 990 1898 resurgentem
1007 1859 1056 1884 ex
1078 1844 1253 1884 mortuis
1272 1846 1344 1884 aut
1361 1859 1444 1897 qua
1462 1847 1651 1885 evectum
1670 1846 1720 1886 ad
1738 1846 1929 1886 dextram
1947 1845 2041 1897 Dei,

109 1916 210 1950 esse,
244 1901 338 1952 dici,
361 1902 471 1942 credi
489 1901 752 1956 unigenitum
777 1901 855 1942 Dei
875 1902 1008 1942 filium
1023 1918 1031 1951 ;
1049 1902 1262 1955 imponere
1279 1905 1460 1956 possent,
1480 1902 1669 1944 absolute
1687 1903 1834 1958 negari
1852 1904 1903 1945 ab
1922 1904 2040 1957 ipsis,

111 1959 230 2014 [pag.
270 1961 351 2000 322
414 1960 627 2001 Christum
661 1960 907 2001 suscitatum
937 1975 986 2000 ex
1018 1960 1194 2001 mortuis
1223 1962 1251 2002 81-
1269 1961 1514 2002 collocatum
1534 1961 1585 2001 ad
1603 1961 1793 2002 dextram
1809 1961 1889 2003 Dei
1907 1977 1994 2004 esse
2012 1963 2041 2004 &

108 2018 219 2058 credi
236 2018 500 2073 unigenitum
517 2018 597 2059 Dei
618 2018 771 2058 filium:
792 2021 864 2059 aut
881 2021 1022 2059 nostra
1038 2018 1117 2059 hac
1134 2019 1361 2059 assertione
1379 2034 1451 2060 3611
1469 2020 1776 2073 praedicatione
1794 2020 1842 2061 de
1864 2035 2042 2074 persona

109 2075 266 2117 Christi
299 2077 453 2127 divelli,
491 2078 520 2118 St
554 2077 735 2130 separari
770 2077 1114 2118 resurrectionem
1154 2079 1226 2117 aut
1248 2077 1474 2118 sessionem
1492 2078 1543 2118 ad
1560 2078 1749 2119 dextram
1767 2081 1791 2119 a
1808 2078 1894 2120 filio
1910 2078 1991 2119 Dei
2013 2081 2042 2122 St

109 2134 330 2183 filiatione,
355 2138 450 2189 quia
482 2135 569 2176 scil.
603 2135 737 2176 filiuni
770 2138 853 2188 qua
873 2136 1002 2176 talem
1027 2136 1197 2189 ejusque
1231 2135 1477 2176 filiationem
1495 2139 1685 2177 accurate
1702 2137 1999 2191 distinguimus
2018 2139 2042 2178 a

109 2193 423 2244 resurreetione,
451 2197 523 2235 aut
555 2194 733 2234 sessione
765 2194 816 2234 ad
853 2194 1056 2244 dextram,
1090 2195 1118 2235 81
1156 2193 1371 2247 proprium
1398 2209 1444 2235 ac
1468 2194 1703 2247 proximum
1720 2194 2040 2236 fundamentum

109 2251 231 2293 unius
262 2253 285 2291 a
317 2252 484 2305 proprio
517 2253 546 2294 St
579 2252 768 2305 proximo
802 2251 1074 2293 fundamento
1102 2251 1287 2292 alterius.
1320 2251 1375 2293 ΙΙ.
1410 2253 1599 2294 Dicimus
1621 2251 1874 2300 ἀκυρολεγίαν
1902 2267 1990 2294 esse
2012 2257 2040 2293 &

110 2324 271 2350 merum
293 2310 565 2351 terminorum
599 2310 789 2361 abusum,
823 2306 948 2364 atque
981 2311 1082 2351 adeo
1115 2309 1401 2351 confusionem
1424 2310 1779 2364 praedicationum
1798 2311 1846 2351 de
1864 2326 2041 2365 persona

110 2366 267 2408 Christi
300 2372 419 2421 (quas
452 2366 700 2409 Scholastici
736 2369 765 2410 ἃ
797 2369 926 2409 nostri
960 2369 1002 2409 in
1034 2369 1113 2410 hac
1150 2369 1327 2409 materia
1344 2371 1534 2410 accurate
1555 2369 1837 2422 distinguunt)
1855 2384 2040 2423 cumpro

110 2426 252 2466 eodem
279 2428 503 2467 sumuntur
528 2427 712 2468 Christus
734 2427 869 2477 homo,
888 2427 917 2468 ἃ*
947 2427 1132 2468 Christus
1149 2441 1233 2482 qua
1251 2427 1383 2468 homo.
1409 2426 1538 2467 Recte
1561 2428 1589 2469 81
1608 2429 1702 2468 vere
1721 2427 1893 2468 dicitur:
1920 2428 2039 2469 Chri-

108 2492 193 2525 Slus
210 2484 330 2525 homo
348 2487 410 2525 est
427 2487 635 2535 aeternus,
654 2484 944 2536 immutabilis,
963 2485 1310 2538 simplicissimus,
1326 2485 1606 2538 incorporeus,
1620 2485 1822 2536 infinitus,
1840 2485 2037 2539 omnipo-

108 2544 201 2583 tens
228 2543 291 2584 &c.
324 2542 445 2594 Item,
479 2543 634 2584 creavit
665 2543 879 2594 mundum,
903 2543 1059 2584 creavit
1075 2543 1287 2584 hominem
1306 2543 1357 2583 ad
1375 2543 1602 2597 imaginem
1621 2542 1713 2593 Dei,
1735 2543 1927 2597 permisit
1949 2544 2038 2598 lap-

110 2615 202 2641 sum
231 2602 295 2642 816.
330 2600 411 2642 Sed
441 2601 663 2642 admodum
684 2601 911 2654 improprie
929 2603 957 2643 ἃ
975 2601 1205 2655 periculose
1233 2607 1248 2655 (
1255 2601 1289 2642 si
1306 2616 1388 2642 11011
1407 2601 1528 2651 falso)
1547 2601 1764 2651 diceretur,
1778 2601 1893 2656 Ergo
1912 2602 2039 2643 etiam

115 2657 299 2701 Christus
331 2674 414 2715 qua
450 2660 571 2701 lzomo
609 2662 669 2700 est
703 2662 908 2710 aeternus,
941 2659 1144 2709 infinitus,
1177 2659 1444 2712 incorporeus
1462 2660 1526 2701 816.
1560 2661 1645 2709 aut,
1664 2660 1821 2701 creavit
1838 2660 2038 2702 mundum

111 2717 174 2758 &c.
208 2716 392 2759 Rursum
423 2721 533 2759 recte
564 2718 593 2759 &
635 2732 730 2758 vere
763 2717 913 2759 dicitur
945 2717 1136 2758 Christus
1162 2716 1277 2758 Deus
1299 2719 1487 2758 mortuus
1506 2719 1582 2767 est,
1605 2721 1633 2756 ἃ
1650 2718 1899 2773 sanguinem
1917 2733 2038 2760 suum

109 2789 182 2828 pro
210 2776 330 2817 nobis
355 2775 464 2818 fudit
481 2777 613 2818 Actor.
635 2777 702 2816 20.
721 2790 756 2817 υ.
778 2776 846 2817 28.
865 2775 946 2817 Sed
963 2776 1185 2817 admodum
1203 2775 1429 2830 improprie
1452 2776 1480 2817 &
1493 2775 1724 2830 periculose
1744 2776 1793 2828 (si
1811 2791 1894 2819 non
1911 2776 2036 2830 falso)

1929 2834 2037 2877 dice-
