<?xml version="1.0" encoding="UTF-8"?>
<!DOCTYPE html PUBLIC "-//W3C//DTD XHTML 1.0 Transitional//EN"
    "http://www.w3.org/TR/xhtml1/DTD/xhtml1-transitional.dtd">
<html xmlns="http://www.w3.org/1999/xhtml" xml:lang="en" lang="en">
 <head>
  <title>
</title>
<meta http-equiv="Content-Type" content="text/html;charset=utf-8" />
  <meta name='ocr-system' content='tesseract 3.04.00' />
  <meta name='ocr-capabilities' content='ocr_page ocr_carea ocr_par ocr_line ocrx_word'/>
</head>
<body>
  <div class='ocr_page' id='page_1' title='image "./gysbertivoetiise00voet_0257.png"; bbox 0 0 2399 3084; ppageno 0'>
   <div class='ocr_carea' id='block_1_1' title="bbox 303 91 2066 138">
    <p class='ocr_par' dir='ltr' id='par_1_1' title="bbox 303 91 2066 138">
     <span class='ocr_line' id='line_1_1' title="bbox 303 91 2066 138; baseline -0.003 0"><span class='ocrx_word' id='word_1_1' title='bbox 303 97 450 138; x_wconf 79' lang='lat' dir='ltr'>Dlsr.</span> <span class='ocrx_word' id='word_1_2' title='bbox 483 94 603 137; x_wconf 84' lang='lat' dir='ltr'><strong>VIII.</strong></span> <span class='ocrx_word' id='word_1_3' title='bbox 635 95 710 136; x_wconf 69' lang='lat' dir='ltr'>DE</span> <span class='ocrx_word' id='word_1_4' title='bbox 743 94 989 136; x_wconf 64' lang='lat' dir='ltr'>Psssssom</span> <span class='ocrx_word' id='word_1_5' title='bbox 1025 93 1245 135; x_wconf 77' lang='lat' dir='ltr'>C11n1s&#39;r1</span> <span class='ocrx_word' id='word_1_6' title='bbox 1279 91 1631 133; x_wconf 77' lang='lat' dir='ltr'><strong>MEDIATORIS.</strong></span> <span class='ocrx_word' id='word_1_7' title='bbox 1664 91 1799 133; x_wconf 61' lang='lat' dir='ltr'>PARS</span> <span class='ocrx_word' id='word_1_8' title='bbox 1832 91 1886 134; x_wconf 88' lang='lat' dir='ltr'>Il.</span> <span class='ocrx_word' id='word_1_9' title='bbox 1983 92 2066 132; x_wconf 84' lang='lat'>229</span> 
     </span>
    </p>
   </div>
   <div class='ocr_carea' id='block_1_2' title="bbox 60 214 2074 2785">
    <p class='ocr_par' dir='ltr' id='par_1_2' title="bbox 117 214 2067 1208">
     <span class='ocr_line' id='line_1_2' title="bbox 125 214 2067 274; baseline -0.003 -14"><span class='ocrx_word' id='word_1_10' title='bbox 125 219 313 261; x_wconf 89' lang='lat' dir='ltr'>formalis</span> <span class='ocrx_word' id='word_1_11' title='bbox 347 219 421 261; x_wconf 75' lang='lat' dir='ltr'>sub</span> <span class='ocrx_word' id='word_1_12' title='bbox 454 232 536 274; x_wconf 74' lang='lat' dir='ltr'>qua</span> <span class='ocrx_word' id='word_1_13' title='bbox 573 220 672 273; x_wconf 88' lang='lat' dir='ltr'>(non</span> <span class='ocrx_word' id='word_1_14' title='bbox 706 217 995 267; x_wconf 87' lang='lat' dir='ltr'>communiori,</span> <span class='ocrx_word' id='word_1_15' title='bbox 1021 216 1091 257; x_wconf 84' lang='lat' dir='ltr'>sed</span> <span class='ocrx_word' id='word_1_16' title='bbox 1122 215 1324 270; x_wconf 78' lang='lat' dir='ltr'>peculiari</span> <span class='ocrx_word' id='word_1_17' title='bbox 1343 215 1512 256; x_wconf 89' lang='lat' dir='ltr'>notione</span> <span class='ocrx_word' id='word_1_18' title='bbox 1531 214 1718 269; x_wconf 80' lang='lat' dir='ltr'>accepta)</span> <span class='ocrx_word' id='word_1_19' title='bbox 1742 230 1824 256; x_wconf 92' lang='lat' dir='ltr'>non</span> <span class='ocrx_word' id='word_1_20' title='bbox 1842 229 1939 256; x_wconf 84' lang='lat' dir='ltr'>vero</span> <span class='ocrx_word' id='word_1_21' title='bbox 1960 214 2067 256; x_wconf 87' lang='lat' dir='ltr'>ratio</span> 
     </span>
     <span class='ocr_line' id='line_1_3' title="bbox 123 273 2066 333; baseline -0.003 -14"><span class='ocrx_word' id='word_1_22' title='bbox 123 277 312 319; x_wconf 88' lang='lat' dir='ltr'>formalis</span> <span class='ocrx_word' id='word_1_23' title='bbox 347 291 431 333; x_wconf 71' lang='lat' dir='ltr'>qua</span> <span class='ocrx_word' id='word_1_24' title='bbox 468 276 508 318; x_wconf 61' lang='grc' dir='ltr'><em>ἃ</em></span> <span class='ocrx_word' id='word_1_25' title='bbox 538 290 612 330; x_wconf 78' lang='lat' dir='ltr'>per</span> <span class='ocrx_word' id='word_1_26' title='bbox 643 291 783 332; x_wconf 69' lang='lat' dir='ltr'>(lotam.</span> <span class='ocrx_word' id='word_1_27' title='bbox 826 277 940 329; x_wconf 69' lang='lat' dir='ltr'>Hesp.</span> <span class='ocrx_word' id='word_1_28' title='bbox 968 276 1005 315; x_wconf 85' lang='lat' dir='ltr'>l.</span> <span class='ocrx_word' id='word_1_29' title='bbox 1039 274 1236 329; x_wconf 87' lang='lat' dir='ltr'>Negatur</span> <span class='ocrx_word' id='word_1_30' title='bbox 1255 274 1427 315; x_wconf 89' lang='lat' dir='ltr'>factum.</span> <span class='ocrx_word' id='word_1_31' title='bbox 1461 273 1592 314; x_wconf 85' lang='lat' dir='ltr'>Primi</span> <span class='ocrx_word' id='word_1_32' title='bbox 1614 273 1826 315; x_wconf 75' lang='lat' dir='ltr'>occasione</span> <span class='ocrx_word' id='word_1_33' title='bbox 1845 273 2066 314; x_wconf 88' lang='lat' dir='ltr'>solvendae</span> 
     </span>
     <span class='ocr_line' id='line_1_4' title="bbox 124 330 2067 390; baseline -0.002 -13"><span class='ocrx_word' id='word_1_34' title='bbox 124 336 379 390; x_wconf 68' lang='lat' dir='ltr'>exceptionis</span> <span class='ocrx_word' id='word_1_35' title='bbox 399 334 659 385; x_wconf 83' lang='lat' dir='ltr'>Socinianae,</span> <span class='ocrx_word' id='word_1_36' title='bbox 684 334 932 375; x_wconf 67' lang='lat' dir='ltr'>dissidentes</span> <span class='ocrx_word' id='word_1_37' title='bbox 950 333 1018 374; x_wconf 90' lang='lat' dir='ltr'>hic</span> <span class='ocrx_word' id='word_1_38' title='bbox 1036 333 1221 382; x_wconf 84' lang='lat' dir='ltr'>fuerunt,</span> <span class='ocrx_word' id='word_1_39' title='bbox 1244 333 1393 373; x_wconf 89' lang='lat' dir='ltr'>saltem</span> <span class='ocrx_word' id='word_1_40' title='bbox 1411 332 1578 386; x_wconf 85' lang='lat' dir='ltr'>publice</span> <span class='ocrx_word' id='word_1_41' title='bbox 1596 332 1684 372; x_wconf 91' lang='lat' dir='ltr'>noti</span> <span class='ocrx_word' id='word_1_42' title='bbox 1702 335 1799 373; x_wconf 90' lang='lat' dir='ltr'>sunt</span> <span class='ocrx_word' id='word_1_43' title='bbox 1816 332 2005 373; x_wconf 71' lang='lat' dir='ltr'>Amesius</span> <span class='ocrx_word' id='word_1_44' title='bbox 2027 330 2067 373; x_wconf 75' lang='lat' dir='ltr'>‹9c</span> 
     </span>
     <span class='ocr_line' id='line_1_5' title="bbox 127 390 2064 447; baseline -0.003 -11"><span class='ocrx_word' id='word_1_45' title='bbox 127 395 365 436; x_wconf 68' lang='lat' dir='ltr'>Maeeovms.</span> <span class='ocrx_word' id='word_1_46' title='bbox 400 393 521 434; x_wconf 86' lang='lat' dir='ltr'>Illius</span> <span class='ocrx_word' id='word_1_47' title='bbox 554 395 694 447; x_wconf 88' lang='lat' dir='ltr'>partes</span> <span class='ocrx_word' id='word_1_48' title='bbox 728 395 875 447; x_wconf 87' lang='lat' dir='ltr'>postea</span> <span class='ocrx_word' id='word_1_49' title='bbox 908 394 1073 433; x_wconf 87' lang='lat' dir='ltr'>secutus</span> <span class='ocrx_word' id='word_1_50' title='bbox 1091 391 1173 432; x_wconf 87' lang='lat' dir='ltr'>fuit</span> <span class='ocrx_word' id='word_1_51' title='bbox 1193 390 1410 439; x_wconf 85' lang='lat' dir='ltr'>Walaeus,</span> <span class='ocrx_word' id='word_1_52' title='bbox 1431 391 1460 432; x_wconf 90' lang='grc'>81</span> <span class='ocrx_word' id='word_1_53' title='bbox 1478 391 1513 431; x_wconf 87' lang='lat' dir='ltr'>si</span> <span class='ocrx_word' id='word_1_54' title='bbox 1530 391 1602 444; x_wconf 92' lang='lat' dir='ltr'>qui</span> <span class='ocrx_word' id='word_1_55' title='bbox 1621 390 1704 431; x_wconf 88' lang='lat' dir='ltr'>illis</span> <span class='ocrx_word' id='word_1_56' title='bbox 1723 390 2064 444; x_wconf 86' lang='lat' dir='ltr'>praeceptoribus</span> 
     </span>
     <span class='ocr_line' id='line_1_6' title="bbox 121 449 2064 504; baseline -0.002 -10"><span class='ocrx_word' id='word_1_57' title='bbox 121 453 207 494; x_wconf 90' lang='lat' dir='ltr'>suis</span> <span class='ocrx_word' id='word_1_58' title='bbox 239 453 538 494; x_wconf 87' lang='lat' dir='ltr'>assentiuntur.</span> <span class='ocrx_word' id='word_1_59' title='bbox 574 451 653 493; x_wconf 78' lang='lat' dir='ltr'>Sed</span> <span class='ocrx_word' id='word_1_60' title='bbox 676 451 781 492; x_wconf 84' lang='lat' dir='ltr'>nihil</span> <span class='ocrx_word' id='word_1_61' title='bbox 806 451 890 492; x_wconf 91' lang='lat' dir='ltr'>tale</span> <span class='ocrx_word' id='word_1_62' title='bbox 906 465 981 504; x_wconf 87' lang='lat' dir='ltr'>per</span> <span class='ocrx_word' id='word_1_63' title='bbox 999 450 1207 490; x_wconf 88' lang='lat' dir='ltr'>somnium</span> <span class='ocrx_word' id='word_1_64' title='bbox 1227 450 1269 489; x_wconf 91' lang='lat' dir='ltr'>in</span> <span class='ocrx_word' id='word_1_65' title='bbox 1287 451 1470 490; x_wconf 89' lang='lat' dir='ltr'>mentem</span> <span class='ocrx_word' id='word_1_66' title='bbox 1494 449 1595 503; x_wconf 89' lang='lat' dir='ltr'>ipsis</span> <span class='ocrx_word' id='word_1_67' title='bbox 1615 449 1778 490; x_wconf 88' lang='lat' dir='ltr'>venisse</span> <span class='ocrx_word' id='word_1_68' title='bbox 1797 449 2064 490; x_wconf 72' lang='lat' dir='ltr'>nobissimum</span> 
     </span>
     <span class='ocr_line' id='line_1_7' title="bbox 126 507 2064 564; baseline -0.002 -12"><span class='ocrx_word' id='word_1_69' title='bbox 126 514 203 561; x_wconf 89' lang='lat' dir='ltr'>est,</span> <span class='ocrx_word' id='word_1_70' title='bbox 233 526 281 552; x_wconf 88' lang='lat' dir='ltr'>ex</span> <span class='ocrx_word' id='word_1_71' title='bbox 312 512 399 551; x_wconf 87' lang='lat' dir='ltr'>sola</span> <span class='ocrx_word' id='word_1_72' title='bbox 417 511 673 564; x_wconf 70' lang='lat' dir='ltr'>inspectione</span> <span class='ocrx_word' id='word_1_73' title='bbox 693 510 845 552; x_wconf 72' lang='lat' dir='ltr'>Amesil</span> <span class='ocrx_word' id='word_1_74' title='bbox 866 511 895 552; x_wconf 88' lang='grc'>81</span> <span class='ocrx_word' id='word_1_75' title='bbox 923 507 1064 550; x_wconf 62' lang='lat' dir='ltr'>Walee.</span> <span class='ocrx_word' id='word_1_76' title='bbox 1098 507 1242 549; x_wconf 89' lang='lat' dir='ltr'>Verba</span> <span class='ocrx_word' id='word_1_77' title='bbox 1259 522 1403 548; x_wconf 90' lang='lat' dir='ltr'>eorum</span> <span class='ocrx_word' id='word_1_78' title='bbox 1419 507 1487 549; x_wconf 92' lang='lat' dir='ltr'>hic</span> <span class='ocrx_word' id='word_1_79' title='bbox 1509 522 1591 548; x_wconf 90' lang='lat' dir='ltr'>non</span> <span class='ocrx_word' id='word_1_80' title='bbox 1609 507 1810 558; x_wconf 74' lang='lat' dir='ltr'>describo,</span> <span class='ocrx_word' id='word_1_81' title='bbox 1830 510 1876 548; x_wconf 90' lang='lat' dir='ltr'>ut</span> <span class='ocrx_word' id='word_1_82' title='bbox 1893 507 2064 548; x_wconf 86' lang='lat' dir='ltr'>chartae</span> 
     </span>
     <span class='ocr_line' id='line_1_8' title="bbox 127 565 2064 620; baseline -0.003 -10"><span class='ocrx_word' id='word_1_83' title='bbox 127 570 354 611; x_wconf 84' lang='lat' dir='ltr'>consulam.</span> <span class='ocrx_word' id='word_1_84' title='bbox 390 571 429 610; x_wconf 73' lang='lat'>2.</span> <span class='ocrx_word' id='word_1_85' title='bbox 460 568 728 610; x_wconf 87' lang='lat' dir='ltr'>Postulatum</span> <span class='ocrx_word' id='word_1_86' title='bbox 760 568 838 609; x_wconf 88' lang='lat' dir='ltr'>hoc</span> <span class='ocrx_word' id='word_1_87' title='bbox 870 570 1070 620; x_wconf 90' lang='lat' dir='ltr'>tanquam</span> <span class='ocrx_word' id='word_1_88' title='bbox 1105 567 1331 607; x_wconf 88' lang='lat' dir='ltr'>absurdum</span> <span class='ocrx_word' id='word_1_89' title='bbox 1349 566 1538 607; x_wconf 88' lang='lat' dir='ltr'>absolute</span> <span class='ocrx_word' id='word_1_90' title='bbox 1562 580 1778 620; x_wconf 83' lang='lat' dir='ltr'>negamus.</span> <span class='ocrx_word' id='word_1_91' title='bbox 1813 565 1934 607; x_wconf 90' lang='lat' dir='ltr'>Nihil</span> <span class='ocrx_word' id='word_1_92' title='bbox 1953 565 2064 606; x_wconf 91' lang='lat' dir='ltr'>enim</span> 
     </span>
     <span class='ocr_line' id='line_1_9' title="bbox 122 624 2064 674; baseline -0.002 -6"><span class='ocrx_word' id='word_1_93' title='bbox 122 628 236 669; x_wconf 84' lang='lat' dir='ltr'>aliud</span> <span class='ocrx_word' id='word_1_94' title='bbox 253 628 376 668; x_wconf 88' lang='lat' dir='ltr'>debet</span> <span class='ocrx_word' id='word_1_95' title='bbox 393 627 461 668; x_wconf 88' lang='lat' dir='ltr'>hic</span> <span class='ocrx_word' id='word_1_96' title='bbox 477 627 521 668; x_wconf 91' lang='lat' dir='ltr'>in</span> <span class='ocrx_word' id='word_1_97' title='bbox 545 627 919 668; x_wconf 80' lang='lat' dir='ltr'>considerationem</span> <span class='ocrx_word' id='word_1_98' title='bbox 939 625 1079 666; x_wconf 88' lang='lat' dir='ltr'>venire</span> <span class='ocrx_word' id='word_1_99' title='bbox 1098 625 1141 665; x_wconf 92' lang='lat' dir='ltr'>in</span> <span class='ocrx_word' id='word_1_100' title='bbox 1161 625 1380 665; x_wconf 87' lang='lat' dir='ltr'>formando</span> <span class='ocrx_word' id='word_1_101' title='bbox 1404 627 1517 665; x_wconf 88' lang='lat' dir='ltr'>statu</span> <span class='ocrx_word' id='word_1_102' title='bbox 1541 624 1861 674; x_wconf 87' lang='lat' dir='ltr'>controversiae,</span> <span class='ocrx_word' id='word_1_103' title='bbox 1880 624 1923 664; x_wconf 92' lang='lat' dir='ltr'>in</span> <span class='ocrx_word' id='word_1_104' title='bbox 1942 638 2064 665; x_wconf 90' lang='lat' dir='ltr'>usur—</span> 
     </span>
     <span class='ocr_line' id='line_1_10' title="bbox 121 682 2064 740; baseline -0.003 -13"><span class='ocrx_word' id='word_1_105' title='bbox 121 686 270 740; x_wconf 86' lang='lat' dir='ltr'>pandis</span> <span class='ocrx_word' id='word_1_106' title='bbox 303 686 521 740; x_wconf 84' lang='lat' dir='ltr'>particulis</span> <span class='ocrx_word' id='word_1_107' title='bbox 554 687 583 728; x_wconf 78' lang='lat'>&amp;</span> <span class='ocrx_word' id='word_1_108' title='bbox 616 685 820 735; x_wconf 87' lang='lat' dir='ltr'>terminis,</span> <span class='ocrx_word' id='word_1_109' title='bbox 853 684 933 725; x_wconf 87' lang='lat' dir='ltr'>nisi</span> <span class='ocrx_word' id='word_1_110' title='bbox 962 699 1012 725; x_wconf 83' lang='lat' dir='ltr'>ex</span> <span class='ocrx_word' id='word_1_111' title='bbox 1030 699 1155 725; x_wconf 89' lang='lat' dir='ltr'>sensu</span> <span class='ocrx_word' id='word_1_112' title='bbox 1173 683 1201 725; x_wconf 88' lang='grc'>81</span> <span class='ocrx_word' id='word_1_113' title='bbox 1220 698 1343 737; x_wconf 88' lang='lat' dir='ltr'>scopo</span> <span class='ocrx_word' id='word_1_114' title='bbox 1364 683 1714 724; x_wconf 82' lang='lat' dir='ltr'>heterodoxorum</span> <span class='ocrx_word' id='word_1_115' title='bbox 1733 682 1805 736; x_wconf 92' lang='lat' dir='ltr'>qui</span> <span class='ocrx_word' id='word_1_116' title='bbox 1824 684 2064 723; x_wconf 88' lang='lat' dir='ltr'>controver-</span> 
     </span>
     <span class='ocr_line' id='line_1_11' title="bbox 120 741 2063 797; baseline -0.002 -12"><span class='ocrx_word' id='word_1_117' title='bbox 120 745 226 785; x_wconf 84' lang='lat' dir='ltr'>siam</span> <span class='ocrx_word' id='word_1_118' title='bbox 258 744 366 785; x_wconf 86' lang='lat' dir='ltr'>hanc</span> <span class='ocrx_word' id='word_1_119' title='bbox 397 744 516 785; x_wconf 90' lang='lat' dir='ltr'>nobis</span> <span class='ocrx_word' id='word_1_120' title='bbox 535 746 754 785; x_wconf 87' lang='lat' dir='ltr'>moverunt</span> <span class='ocrx_word' id='word_1_121' title='bbox 776 744 805 784; x_wconf 59' lang='grc' dir='ltr'>ἃ</span> <span class='ocrx_word' id='word_1_122' title='bbox 824 745 1088 797; x_wconf 88' lang='lat' dir='ltr'>pepererunt.</span> <span class='ocrx_word' id='word_1_123' title='bbox 1123 742 1325 796; x_wconf 85' lang='lat' dir='ltr'>Alioquin</span> <span class='ocrx_word' id='word_1_124' title='bbox 1347 742 1517 795; x_wconf 84' lang='lat' dir='ltr'>propria</span> <span class='ocrx_word' id='word_1_125' title='bbox 1539 743 1773 782; x_wconf 79' lang='lat' dir='ltr'>commenta</span> <span class='ocrx_word' id='word_1_126' title='bbox 1794 743 1937 782; x_wconf 89' lang='lat' dir='ltr'>nostra</span> <span class='ocrx_word' id='word_1_127' title='bbox 1959 741 2063 781; x_wconf 89' lang='lat' dir='ltr'>reali</span> 
     </span>
     <span class='ocr_line' id='line_1_12' title="bbox 120 799 2060 856; baseline -0.002 -13"><span class='ocrx_word' id='word_1_128' title='bbox 120 803 427 844; x_wconf 82' lang='lat' dir='ltr'>controversiae</span> <span class='ocrx_word' id='word_1_129' title='bbox 457 802 731 856; x_wconf 86' lang='lat' dir='ltr'>supponimus</span> <span class='ocrx_word' id='word_1_130' title='bbox 765 803 793 844; x_wconf 81' lang='grc'>81</span> <span class='ocrx_word' id='word_1_131' title='bbox 827 801 1136 851; x_wconf 75' lang='lat' dir='ltr'>substituimus,</span> <span class='ocrx_word' id='word_1_132' title='bbox 1161 800 1410 841; x_wconf 86' lang='lat' dir='ltr'>adversariis</span> <span class='ocrx_word' id='word_1_133' title='bbox 1429 800 1588 853; x_wconf 88' lang='lat' dir='ltr'>aliquid</span> <span class='ocrx_word' id='word_1_134' title='bbox 1608 799 1868 853; x_wconf 88' lang='lat' dir='ltr'>affingimus,</span> <span class='ocrx_word' id='word_1_135' title='bbox 1888 800 1917 841; x_wconf 93' lang='grc'>81</span> <span class='ocrx_word' id='word_1_136' title='bbox 1935 799 2060 840; x_wconf 90' lang='lat' dir='ltr'>falla-</span> 
     </span>
     <span class='ocr_line' id='line_1_13' title="bbox 121 858 2061 915; baseline -0.002 -14"><span class='ocrx_word' id='word_1_137' title='bbox 121 861 205 902; x_wconf 84' lang='lat' dir='ltr'>cias</span> <span class='ocrx_word' id='word_1_138' title='bbox 236 861 515 915; x_wconf 72' lang='lat' dir='ltr'>ignorationis</span> <span class='ocrx_word' id='word_1_139' title='bbox 549 861 725 909; x_wconf 84' lang='lat' dir='ltr'>elenchi,</span> <span class='ocrx_word' id='word_1_140' title='bbox 757 863 883 914; x_wconf 89' lang='lat' dir='ltr'>atque</span> <span class='ocrx_word' id='word_1_141' title='bbox 901 859 1163 900; x_wconf 88' lang='lat' dir='ltr'>abductionis</span> <span class='ocrx_word' id='word_1_142' title='bbox 1181 858 1484 900; x_wconf 80' lang='lat' dir='ltr'>committimus</span> <span class='ocrx_word' id='word_1_143' title='bbox 1502 859 1531 900; x_wconf 98' lang='grc'>81</span> <span class='ocrx_word' id='word_1_144' title='bbox 1550 873 1719 900; x_wconf 87' lang='lat' dir='ltr'>causam</span> <span class='ocrx_word' id='word_1_145' title='bbox 1741 858 1930 899; x_wconf 88' lang='lat' dir='ltr'>videmur</span> <span class='ocrx_word' id='word_1_146' title='bbox 1947 858 2061 899; x_wconf 88' lang='lat' dir='ltr'>dese-</span> 
     </span>
     <span class='ocr_line' id='line_1_14' title="bbox 120 916 2061 973; baseline -0.002 -13"><span class='ocrx_word' id='word_1_147' title='bbox 120 934 224 961; x_wconf 84' lang='lat' dir='ltr'>rere.</span> <span class='ocrx_word' id='word_1_148' title='bbox 259 921 298 960; x_wconf 76' lang='grc'>3.</span> <span class='ocrx_word' id='word_1_149' title='bbox 332 919 501 960; x_wconf 89' lang='lat' dir='ltr'>Novum</span> <span class='ocrx_word' id='word_1_150' title='bbox 519 919 736 973; x_wconf 83' lang='lat' dir='ltr'>problema</span> <span class='ocrx_word' id='word_1_151' title='bbox 756 921 1067 960; x_wconf 83' lang='lat' dir='ltr'>controversum</span> <span class='ocrx_word' id='word_1_152' title='bbox 1085 933 1159 972; x_wconf 89' lang='lat' dir='ltr'>per</span> <span class='ocrx_word' id='word_1_153' title='bbox 1177 918 1286 959; x_wconf 87' lang='lat' dir='ltr'>hanc</span> <span class='ocrx_word' id='word_1_154' title='bbox 1302 917 1557 971; x_wconf 84' lang='lat' dir='ltr'>hypothesin</span> <span class='ocrx_word' id='word_1_155' title='bbox 1582 917 1712 958; x_wconf 90' lang='lat' dir='ltr'>otiose</span> <span class='ocrx_word' id='word_1_156' title='bbox 1726 916 1973 967; x_wconf 83' lang='lat' dir='ltr'>fabricatur,</span> <span class='ocrx_word' id='word_1_157' title='bbox 1986 931 2061 957; x_wconf 89' lang='grc'><strong>1160</strong></span> 
     </span>
     <span class='ocr_line' id='line_1_15' title="bbox 121 975 2060 1032; baseline -0.002 -14"><span class='ocrx_word' id='word_1_158' title='bbox 121 981 262 1019; x_wconf 87' lang='lat' dir='ltr'>tamen</span> <span class='ocrx_word' id='word_1_159' title='bbox 285 979 502 1032; x_wconf 87' lang='lat' dir='ltr'>problema</span> <span class='ocrx_word' id='word_1_160' title='bbox 525 980 838 1019; x_wconf 81' lang='lat' dir='ltr'>controversum</span> <span class='ocrx_word' id='word_1_161' title='bbox 866 977 917 1017; x_wconf 90' lang='lat' dir='ltr'>ab</span> <span class='ocrx_word' id='word_1_162' title='bbox 936 976 1202 1017; x_wconf 78' lang='lat' dir='ltr'>heterodoxis</span> <span class='ocrx_word' id='word_1_163' title='bbox 1225 978 1387 1017; x_wconf 89' lang='lat' dir='ltr'>motum</span> <span class='ocrx_word' id='word_1_164' title='bbox 1409 976 1595 1017; x_wconf 88' lang='lat' dir='ltr'>tollitur:</span> <span class='ocrx_word' id='word_1_165' title='bbox 1616 977 1644 1018; x_wconf 89' lang='grc'>81</span> <span class='ocrx_word' id='word_1_166' title='bbox 1663 975 1721 1016; x_wconf 89' lang='lat' dir='ltr'>sic</span> <span class='ocrx_word' id='word_1_167' title='bbox 1738 975 2015 1016; x_wconf 81' lang='lat' dir='ltr'>obscuritates</span> <span class='ocrx_word' id='word_1_168' title='bbox 2033 979 2060 1014; x_wconf 96' lang='grc'>81</span> 
     </span>
     <span class='ocr_line' id='line_1_16' title="bbox 121 1033 2059 1090; baseline -0.002 -13"><span class='ocrx_word' id='word_1_169' title='bbox 121 1037 427 1078; x_wconf 85' lang='lat' dir='ltr'>controversiae</span> <span class='ocrx_word' id='word_1_170' title='bbox 455 1036 781 1090; x_wconf 85' lang='lat' dir='ltr'>problematicae</span> <span class='ocrx_word' id='word_1_171' title='bbox 814 1036 902 1077; x_wconf 91' lang='lat' dir='ltr'>sine</span> <span class='ocrx_word' id='word_1_172' title='bbox 934 1035 1181 1077; x_wconf 84' lang='lat' dir='ltr'>necessitate</span> <span class='ocrx_word' id='word_1_173' title='bbox 1216 1035 1326 1076; x_wconf 91' lang='lat' dir='ltr'>inter</span> <span class='ocrx_word' id='word_1_174' title='bbox 1358 1034 1470 1088; x_wconf 88' lang='lat' dir='ltr'>ipsos</span> <span class='ocrx_word' id='word_1_175' title='bbox 1499 1034 1751 1076; x_wconf 87' lang='lat' dir='ltr'>orthodoxos</span> <span class='ocrx_word' id='word_1_176' title='bbox 1773 1033 2059 1088; x_wconf 86' lang='lat' dir='ltr'>multiplican-</span> 
     </span>
     <span class='ocr_line' id='line_1_17' title="bbox 117 1095 496 1151; baseline -0.003 -15"><span class='ocrx_word' id='word_1_177' title='bbox 117 1098 198 1136; x_wconf 87' lang='lat' dir='ltr'>tur.</span> <span class='ocrx_word' id='word_1_178' title='bbox 237 1095 356 1151; x_wconf 88' lang='lat' dir='ltr'>[pag.</span> <span class='ocrx_word' id='word_1_179' title='bbox 376 1095 496 1150; x_wconf 68' lang='lat'>319}</span> 
     </span>
     <span class='ocr_line' id='line_1_18' title="bbox 739 1152 1440 1208; baseline -0.003 -13"><span class='ocrx_word' id='word_1_180' title='bbox 739 1153 999 1208; x_wconf 74' lang='lat' dir='ltr'>Hypotlzesis,</span> <span class='ocrx_word' id='word_1_181' title='bbox 1023 1166 1094 1194; x_wconf 76' lang='grc'><strong>3611</strong></span> <span class='ocrx_word' id='word_1_182' title='bbox 1108 1153 1367 1206; x_wconf 73' lang='lat' dir='ltr'>posculacum</span> <span class='ocrx_word' id='word_1_183' title='bbox 1401 1152 1440 1193; x_wconf 83' lang='grc'>3.</span> 
     </span>
    </p>

    <p class='ocr_par' dir='ltr' id='par_1_3' title="bbox 60 1210 2074 2785">
     <span class='ocr_line' id='line_1_19' title="bbox 177 1210 2056 1265; baseline -0.001 -12"><span class='ocrx_word' id='word_1_184' title='bbox 177 1211 377 1260; x_wconf 76' lang='lat' dir='ltr'>Quamvis</span> <span class='ocrx_word' id='word_1_185' title='bbox 396 1212 633 1265; x_wconf 89' lang='lat' dir='ltr'>quaesitum</span> <span class='ocrx_word' id='word_1_186' title='bbox 651 1212 769 1262; x_wconf 90' lang='lat' dir='ltr'>illud,</span> <span class='ocrx_word' id='word_1_187' title='bbox 794 1211 861 1252; x_wconf 88' lang='lat' dir='ltr'>An</span> <span class='ocrx_word' id='word_1_188' title='bbox 884 1211 1075 1252; x_wconf 87' lang='lat' dir='ltr'>Christus</span> <span class='ocrx_word' id='word_1_189' title='bbox 1094 1226 1177 1264; x_wconf 89' lang='lat' dir='ltr'>qua</span> <span class='ocrx_word' id='word_1_190' title='bbox 1194 1210 1401 1252; x_wconf 89' lang='lat' dir='ltr'>Mediator</span> <span class='ocrx_word' id='word_1_191' title='bbox 1417 1211 1611 1251; x_wconf 88' lang='lat' dir='ltr'>videatur</span> <span class='ocrx_word' id='word_1_192' title='bbox 1625 1210 1762 1264; x_wconf 87' lang='lat' dir='ltr'>prima</span> <span class='ocrx_word' id='word_1_193' title='bbox 1774 1210 1912 1252; x_wconf 84' lang='lat' dir='ltr'>fronte</span> <span class='ocrx_word' id='word_1_194' title='bbox 1925 1224 2056 1251; x_wconf 90' lang='lat' dir='ltr'>unum</span> 
     </span>
     <span class='ocr_line' id='line_1_20' title="bbox 119 1268 2058 1325; baseline -0.002 -13"><span class='ocrx_word' id='word_1_195' title='bbox 119 1271 147 1312; x_wconf 88' lang='grc'>81</span> <span class='ocrx_word' id='word_1_196' title='bbox 184 1271 375 1324; x_wconf 75' lang='lat' dir='ltr'>simplex,</span> <span class='ocrx_word' id='word_1_197' title='bbox 409 1271 452 1311; x_wconf 89' lang='lat' dir='ltr'>in</span> <span class='ocrx_word' id='word_1_198' title='bbox 471 1285 552 1325; x_wconf 88' lang='lat' dir='ltr'>quo</span> <span class='ocrx_word' id='word_1_199' title='bbox 572 1271 805 1325; x_wconf 85' lang='lat' dir='ltr'>subjectum</span> <span class='ocrx_word' id='word_1_200' title='bbox 822 1270 991 1311; x_wconf 88' lang='lat' dir='ltr'>unicum</span> <span class='ocrx_word' id='word_1_201' title='bbox 1009 1270 1064 1311; x_wconf 87' lang='lat' dir='ltr'>sit</span> <span class='ocrx_word' id='word_1_202' title='bbox 1087 1269 1294 1320; x_wconf 88' lang='lat' dir='ltr'>Christus,</span> <span class='ocrx_word' id='word_1_203' title='bbox 1313 1284 1407 1310; x_wconf 89' lang='lat' dir='ltr'>cum</span> <span class='ocrx_word' id='word_1_204' title='bbox 1423 1269 1676 1310; x_wconf 87' lang='lat' dir='ltr'>limitatione</span> <span class='ocrx_word' id='word_1_205' title='bbox 1694 1269 1784 1320; x_wconf 89' lang='lat' dir='ltr'>illa,</span> <span class='ocrx_word' id='word_1_206' title='bbox 1803 1283 1885 1323; x_wconf 86' lang='lat' dir='ltr'>qua</span> <span class='ocrx_word' id='word_1_207' title='bbox 1904 1268 2058 1309; x_wconf 89' lang='lat' dir='ltr'>media-</span> 
     </span>
     <span class='ocr_line' id='line_1_21' title="bbox 116 1327 2074 1382; baseline 0 -12"><span class='ocrx_word' id='word_1_208' title='bbox 116 1332 183 1370; x_wconf 88' lang='lat' dir='ltr'>tor</span> <span class='ocrx_word' id='word_1_209' title='bbox 200 1332 263 1370; x_wconf 86' lang='lat' dir='ltr'>est</span> <span class='ocrx_word' id='word_1_210' title='bbox 281 1345 289 1378; x_wconf 81' lang='lat'>3</span> <span class='ocrx_word' id='word_1_211' title='bbox 314 1329 597 1382; x_wconf 81' lang='lat' dir='ltr'>praedicatum</span> <span class='ocrx_word' id='word_1_212' title='bbox 619 1332 760 1370; x_wconf 88' lang='lat' dir='ltr'>autem</span> <span class='ocrx_word' id='word_1_213' title='bbox 778 1327 823 1366; x_wconf 70' lang='grc' dir='ltr'>τὸ</span> <span class='ocrx_word' id='word_1_214' title='bbox 850 1329 1105 1369; x_wconf 85' lang='lat' dir='ltr'>adorandus:</span> <span class='ocrx_word' id='word_1_215' title='bbox 1126 1342 1271 1369; x_wconf 89' lang='lat' dir='ltr'>revera</span> <span class='ocrx_word' id='word_1_216' title='bbox 1288 1330 1428 1369; x_wconf 89' lang='lat' dir='ltr'>tamen</span> <span class='ocrx_word' id='word_1_217' title='bbox 1450 1328 1529 1369; x_wconf 91' lang='lat' dir='ltr'>duo</span> <span class='ocrx_word' id='word_1_218' title='bbox 1547 1330 1645 1368; x_wconf 93' lang='lat' dir='ltr'>sunt</span> <span class='ocrx_word' id='word_1_219' title='bbox 1662 1328 1866 1381; x_wconf 88' lang='lat' dir='ltr'>quaesita,</span> <span class='ocrx_word' id='word_1_220' title='bbox 1885 1329 2074 1382; x_wconf 10' lang='lat' dir='ltr'>propter?</span> 
     </span>
     <span class='ocr_line' id='line_1_22' title="bbox 119 1385 2052 1440; baseline -0.001 -12"><span class='ocrx_word' id='word_1_221' title='bbox 119 1387 366 1429; x_wconf 84' lang='lat' dir='ltr'>dissidentes</span> <span class='ocrx_word' id='word_1_222' title='bbox 399 1388 721 1429; x_wconf 80' lang='lat' dir='ltr'>orthodoxorum</span> <span class='ocrx_word' id='word_1_223' title='bbox 758 1389 786 1430; x_wconf 89' lang='grc'>81</span> <span class='ocrx_word' id='word_1_224' title='bbox 820 1386 1275 1428; x_wconf 86' lang='lat' dir='ltr'>Anti·Trinitariorum</span> <span class='ocrx_word' id='word_1_225' title='bbox 1307 1386 1563 1440; x_wconf 84' lang='lat' dir='ltr'>hypotheses</span> <span class='ocrx_word' id='word_1_226' title='bbox 1597 1386 1645 1427; x_wconf 91' lang='lat' dir='ltr'>de</span> <span class='ocrx_word' id='word_1_227' title='bbox 1677 1401 1855 1440; x_wconf 88' lang='lat' dir='ltr'>persona</span> <span class='ocrx_word' id='word_1_228' title='bbox 1883 1385 2052 1428; x_wconf 83' lang='lat' dir='ltr'>Christi.</span> 
     </span>
     <span class='ocr_line' id='line_1_23' title="bbox 117 1444 2054 1501; baseline -0.001 -15"><span class='ocrx_word' id='word_1_229' title='bbox 117 1445 575 1487; x_wconf 85' lang='lat' dir='ltr'>Anti·Trinitariorum</span> <span class='ocrx_word' id='word_1_230' title='bbox 597 1446 782 1487; x_wconf 89' lang='lat' dir='ltr'>haeresis</span> <span class='ocrx_word' id='word_1_231' title='bbox 806 1446 986 1501; x_wconf 88' lang='lat' dir='ltr'>flagitat,</span> <span class='ocrx_word' id='word_1_232' title='bbox 1005 1448 1049 1486; x_wconf 89' lang='lat' dir='ltr'>ut</span> <span class='ocrx_word' id='word_1_233' title='bbox 1073 1445 1151 1486; x_wconf 89' lang='lat' dir='ltr'>hoc</span> <span class='ocrx_word' id='word_1_234' title='bbox 1173 1445 1227 1486; x_wconf 89' lang='lat' dir='ltr'>sit</span> <span class='ocrx_word' id='word_1_235' title='bbox 1248 1445 1359 1485; x_wconf 90' lang='lat' dir='ltr'>inter</span> <span class='ocrx_word' id='word_1_236' title='bbox 1376 1445 1487 1499; x_wconf 90' lang='lat' dir='ltr'>ipsos</span> <span class='ocrx_word' id='word_1_237' title='bbox 1512 1444 1761 1498; x_wconf 88' lang='lat' dir='ltr'>quaesitum,</span> <span class='ocrx_word' id='word_1_238' title='bbox 1780 1444 1847 1486; x_wconf 82' lang='lat' dir='ltr'>An</span> <span class='ocrx_word' id='word_1_239' title='bbox 1869 1445 2054 1486; x_wconf 88' lang='lat' dir='ltr'>humana</span> 
     </span>
     <span class='ocr_line' id='line_1_24' title="bbox 115 1503 2051 1558; baseline -0.002 -13"><span class='ocrx_word' id='word_1_240' title='bbox 115 1507 268 1546; x_wconf 89' lang='lat' dir='ltr'>natura</span> <span class='ocrx_word' id='word_1_241' title='bbox 301 1504 455 1546; x_wconf 81' lang='lat' dir='ltr'>Christi</span> <span class='ocrx_word' id='word_1_242' title='bbox 484 1506 548 1546; x_wconf 83' lang='grc'><strong>810.</strong></span> <span class='ocrx_word' id='word_1_243' title='bbox 584 1506 703 1558; x_wconf 78' lang='lat' dir='ltr'>Resp.</span> <span class='ocrx_word' id='word_1_244' title='bbox 737 1506 772 1546; x_wconf 91' lang='grc'>1-,</span> <span class='ocrx_word' id='word_1_245' title='bbox 807 1504 997 1554; x_wconf 78' lang='lat' dir='ltr'>Quaesiti</span> <span class='ocrx_word' id='word_1_246' title='bbox 1020 1519 1092 1545; x_wconf 88' lang='lat' dir='ltr'>seu</span> <span class='ocrx_word' id='word_1_247' title='bbox 1110 1503 1366 1557; x_wconf 87' lang='lat' dir='ltr'>quaestionis</span> <span class='ocrx_word' id='word_1_248' title='bbox 1390 1518 1472 1557; x_wconf 90' lang='lat' dir='ltr'>qua</span> <span class='ocrx_word' id='word_1_249' title='bbox 1489 1503 1587 1544; x_wconf 88' lang='lat' dir='ltr'>talis</span> <span class='ocrx_word' id='word_1_250' title='bbox 1605 1504 1771 1557; x_wconf 86' lang='lat' dir='ltr'>proprie</span> <span class='ocrx_word' id='word_1_251' title='bbox 1789 1504 1929 1545; x_wconf 89' lang='lat' dir='ltr'>nullae</span> <span class='ocrx_word' id='word_1_252' title='bbox 1953 1506 2051 1544; x_wconf 89' lang='lat' dir='ltr'>sunt</span> 
     </span>
     <span class='ocr_line' id='line_1_25' title="bbox 114 1561 2048 1617; baseline -0.001 -14"><span class='ocrx_word' id='word_1_253' title='bbox 114 1563 384 1617; x_wconf 70' lang='lat' dir='ltr'>hypotheses,</span> <span class='ocrx_word' id='word_1_254' title='bbox 415 1563 486 1604; x_wconf 88' lang='lat' dir='ltr'>sed</span> <span class='ocrx_word' id='word_1_255' title='bbox 519 1563 879 1604; x_wconf 85' lang='lat' dir='ltr'>determinationis</span> <span class='ocrx_word' id='word_1_256' title='bbox 905 1563 1099 1616; x_wconf 86' lang='lat' dir='ltr'>quaesiti,</span> <span class='ocrx_word' id='word_1_257' title='bbox 1128 1563 1170 1604; x_wconf 90' lang='lat' dir='ltr'>h.</span> <span class='ocrx_word' id='word_1_258' title='bbox 1189 1577 1224 1604; x_wconf 88' lang='lat' dir='ltr'>e.</span> <span class='ocrx_word' id='word_1_259' title='bbox 1242 1562 1408 1603; x_wconf 87' lang='lat' dir='ltr'>theseos</span> <span class='ocrx_word' id='word_1_260' title='bbox 1427 1561 1679 1603; x_wconf 87' lang='lat' dir='ltr'>affirmantis</span> <span class='ocrx_word' id='word_1_261' title='bbox 1698 1565 1770 1603; x_wconf 88' lang='lat' dir='ltr'>aut</span> <span class='ocrx_word' id='word_1_262' title='bbox 1786 1561 1994 1617; x_wconf 87' lang='lat' dir='ltr'>negantis,</span> <span class='ocrx_word' id='word_1_263' title='bbox 2014 1576 2048 1602; x_wconf 86' lang='lat' dir='ltr'>e.</span> 
     </span>
     <span class='ocr_line' id='line_1_26' title="bbox 115 1619 2051 1677; baseline 0 -16"><span class='ocrx_word' id='word_1_264' title='bbox 115 1635 177 1675; x_wconf 87' lang='lat' dir='ltr'>gr.</span> <span class='ocrx_word' id='word_1_265' title='bbox 212 1620 458 1670; x_wconf 80' lang='lat' dir='ltr'>Quaesitum</span> <span class='ocrx_word' id='word_1_266' title='bbox 492 1624 567 1672; x_wconf 90' lang='lat' dir='ltr'>est,</span> <span class='ocrx_word' id='word_1_267' title='bbox 604 1622 668 1662; x_wconf 85' lang='lat' dir='ltr'>An</span> <span class='ocrx_word' id='word_1_268' title='bbox 688 1621 879 1663; x_wconf 89' lang='lat' dir='ltr'>Christus</span> <span class='ocrx_word' id='word_1_269' title='bbox 897 1621 1168 1675; x_wconf 89' lang='lat' dir='ltr'>corporaliter</span> <span class='ocrx_word' id='word_1_270' title='bbox 1190 1621 1463 1662; x_wconf 87' lang='lat' dir='ltr'>manducetur</span> <span class='ocrx_word' id='word_1_271' title='bbox 1479 1621 1523 1661; x_wconf 88' lang='lat' dir='ltr'>in</span> <span class='ocrx_word' id='word_1_272' title='bbox 1540 1620 1806 1663; x_wconf 85' lang='lat' dir='ltr'>eucharistia.</span> <span class='ocrx_word' id='word_1_273' title='bbox 1841 1621 1873 1662; x_wconf 86' lang='lat' dir='ltr'><strong><em>A</em></strong></span> <span class='ocrx_word' id='word_1_274' title='bbox 1880 1624 1924 1677; x_wconf 78' lang='lat' dir='ltr'><strong><em>ff</em></strong></span> <span class='ocrx_word' id='word_1_275' title='bbox 1943 1619 2051 1661; x_wconf 88' lang='lat' dir='ltr'>Pon-</span> 
     </span>
     <span class='ocr_line' id='line_1_27' title="bbox 115 1679 2049 1735; baseline 0 -16"><span class='ocrx_word' id='word_1_276' title='bbox 115 1679 234 1720; x_wconf 88' lang='lat' dir='ltr'>tificii</span> <span class='ocrx_word' id='word_1_277' title='bbox 253 1679 281 1720; x_wconf 73' lang='lat'>82-</span> <span class='ocrx_word' id='word_1_278' title='bbox 304 1679 548 1721; x_wconf 84' lang='lat' dir='ltr'>Lutherani.</span> <span class='ocrx_word' id='word_1_279' title='bbox 582 1684 695 1735; x_wconf 85' lang='lat' dir='ltr'>Ergo</span> <span class='ocrx_word' id='word_1_280' title='bbox 712 1680 877 1721; x_wconf 87' lang='lat' dir='ltr'>theseos</span> <span class='ocrx_word' id='word_1_281' title='bbox 915 1680 944 1721; x_wconf 87' lang='grc'>81</span> <span class='ocrx_word' id='word_1_282' title='bbox 976 1679 1336 1721; x_wconf 85' lang='lat' dir='ltr'>determinationis</span> <span class='ocrx_word' id='word_1_283' title='bbox 1353 1679 1396 1720; x_wconf 89' lang='lat' dir='ltr'>in</span> <span class='ocrx_word' id='word_1_284' title='bbox 1418 1679 1527 1720; x_wconf 90' lang='lat' dir='ltr'>hanc</span> <span class='ocrx_word' id='word_1_285' title='bbox 1548 1681 1724 1733; x_wconf 87' lang='lat' dir='ltr'>partem,</span> <span class='ocrx_word' id='word_1_286' title='bbox 1744 1680 1931 1721; x_wconf 88' lang='lat' dir='ltr'>diversae</span> <span class='ocrx_word' id='word_1_287' title='bbox 1953 1693 2049 1733; x_wconf 88' lang='lat' dir='ltr'>pos-</span> 
     </span>
     <span class='ocr_line' id='line_1_28' title="bbox 115 1737 2047 1793; baseline 0 -15"><span class='ocrx_word' id='word_1_288' title='bbox 115 1741 213 1778; x_wconf 87' lang='lat' dir='ltr'>sunt</span> <span class='ocrx_word' id='word_1_289' title='bbox 231 1753 320 1778; x_wconf 90' lang='lat' dir='ltr'>esse</span> <span class='ocrx_word' id='word_1_290' title='bbox 342 1738 371 1779; x_wconf 53' lang='grc' dir='ltr'>ἃ</span> <span class='ocrx_word' id='word_1_291' title='bbox 388 1753 533 1779; x_wconf 82' lang='lat' dir='ltr'>revera</span> <span class='ocrx_word' id='word_1_292' title='bbox 550 1741 647 1779; x_wconf 89' lang='lat' dir='ltr'>sunt</span> <span class='ocrx_word' id='word_1_293' title='bbox 664 1739 941 1793; x_wconf 86' lang='lat' dir='ltr'>hypotheses:</span> <span class='ocrx_word' id='word_1_294' title='bbox 961 1753 1043 1779; x_wconf 92' lang='lat' dir='ltr'>non</span> <span class='ocrx_word' id='word_1_295' title='bbox 1062 1741 1202 1779; x_wconf 85' lang='lat' dir='ltr'>autem</span> <span class='ocrx_word' id='word_1_296' title='bbox 1221 1738 1493 1791; x_wconf 86' lang='lat' dir='ltr'>problematis</span> <span class='ocrx_word' id='word_1_297' title='bbox 1512 1753 1583 1779; x_wconf 90' lang='lat' dir='ltr'>seu</span> <span class='ocrx_word' id='word_1_298' title='bbox 1603 1737 1874 1791; x_wconf 70' lang='lat' dir='ltr'>quaestionis,</span> <span class='ocrx_word' id='word_1_299' title='bbox 1894 1752 2047 1791; x_wconf 89' lang='lat' dir='ltr'>quam-</span> 
     </span>
     <span class='ocr_line' id='line_1_29' title="bbox 115 1796 2047 1850; baseline 0.001 -14"><span class='ocrx_word' id='word_1_300' title='bbox 115 1796 184 1836; x_wconf 91' lang='lat' dir='ltr'>diu</span> <span class='ocrx_word' id='word_1_301' title='bbox 209 1799 271 1837; x_wconf 90' lang='lat' dir='ltr'>est</span> <span class='ocrx_word' id='word_1_302' title='bbox 288 1796 330 1836; x_wconf 93' lang='lat' dir='ltr'>in</span> <span class='ocrx_word' id='word_1_303' title='bbox 350 1799 463 1837; x_wconf 87' lang='lat' dir='ltr'>statu</span> <span class='ocrx_word' id='word_1_304' title='bbox 484 1797 914 1838; x_wconf 88' lang='lat' dir='ltr'>indeterminationis:</span> <span class='ocrx_word' id='word_1_305' title='bbox 934 1797 1133 1850; x_wconf 88' lang='lat' dir='ltr'>quamdiu</span> <span class='ocrx_word' id='word_1_306' title='bbox 1162 1797 1272 1837; x_wconf 89' lang='lat' dir='ltr'>enim</span> <span class='ocrx_word' id='word_1_307' title='bbox 1290 1796 1396 1836; x_wconf 90' lang='lat' dir='ltr'>nihil</span> <span class='ocrx_word' id='word_1_308' title='bbox 1414 1797 1596 1849; x_wconf 90' lang='lat' dir='ltr'>ponitur,</span> <span class='ocrx_word' id='word_1_309' title='bbox 1615 1796 1721 1836; x_wconf 70' lang='lat' dir='ltr'>nihil</span> <span class='ocrx_word' id='word_1_310' title='bbox 1738 1796 2047 1850; x_wconf 89' lang='lat' dir='ltr'>praesupponi-</span> 
     </span>
     <span class='ocr_line' id='line_1_30' title="bbox 114 1854 2048 1909; baseline -0.001 -14"><span class='ocrx_word' id='word_1_311' title='bbox 114 1857 196 1896; x_wconf 87' lang='lat' dir='ltr'>tur.</span> <span class='ocrx_word' id='word_1_312' title='bbox 231 1855 270 1894; x_wconf 81' lang='lat'>2.</span> <span class='ocrx_word' id='word_1_313' title='bbox 305 1854 407 1896; x_wconf 91' lang='lat' dir='ltr'>Cum</span> <span class='ocrx_word' id='word_1_314' title='bbox 441 1855 640 1904; x_wconf 79' lang='lat' dir='ltr'>Quaestio</span> <span class='ocrx_word' id='word_1_315' title='bbox 673 1870 755 1896; x_wconf 88' lang='lat' dir='ltr'>una</span> <span class='ocrx_word' id='word_1_316' title='bbox 793 1858 855 1896; x_wconf 90' lang='lat' dir='ltr'>est</span> <span class='ocrx_word' id='word_1_317' title='bbox 893 1857 921 1898; x_wconf 91' lang='grc'>81</span> <span class='ocrx_word' id='word_1_318' title='bbox 943 1855 985 1895; x_wconf 89' lang='grc'>111</span> <span class='ocrx_word' id='word_1_319' title='bbox 1004 1856 1179 1896; x_wconf 90' lang='lat' dir='ltr'>alteram</span> <span class='ocrx_word' id='word_1_320' title='bbox 1197 1858 1360 1909; x_wconf 89' lang='lat' dir='ltr'>partem</span> <span class='ocrx_word' id='word_1_321' title='bbox 1374 1854 1663 1904; x_wconf 84' lang='lat' dir='ltr'>determinata,</span> <span class='ocrx_word' id='word_1_322' title='bbox 1682 1855 1779 1908; x_wconf 91' lang='lat' dir='ltr'>quia</span> <span class='ocrx_word' id='word_1_323' title='bbox 1803 1855 1831 1897; x_wconf 83' lang='lat'>&amp;</span> <span class='ocrx_word' id='word_1_324' title='bbox 1848 1854 2048 1908; x_wconf 86' lang='lat' dir='ltr'>quamdiu</span> 
     </span>
     <span class='ocr_line' id='line_1_31' title="bbox 112 1913 2046 1968; baseline 0.001 -15"><span class='ocrx_word' id='word_1_325' title='bbox 112 1913 155 1953; x_wconf 91' lang='lat' dir='ltr'>in</span> <span class='ocrx_word' id='word_1_326' title='bbox 188 1914 320 1954; x_wconf 86' lang='lat' dir='ltr'>altera</span> <span class='ocrx_word' id='word_1_327' title='bbox 360 1917 478 1967; x_wconf 89' lang='lat' dir='ltr'>parte</span> <span class='ocrx_word' id='word_1_328' title='bbox 501 1915 587 1955; x_wconf 90' lang='lat' dir='ltr'>sive</span> <span class='ocrx_word' id='word_1_329' title='bbox 607 1914 845 1955; x_wconf 86' lang='lat' dir='ltr'>affirmante</span> <span class='ocrx_word' id='word_1_330' title='bbox 864 1914 949 1955; x_wconf 89' lang='lat' dir='ltr'>sive</span> <span class='ocrx_word' id='word_1_331' title='bbox 971 1916 1154 1968; x_wconf 80' lang='lat' dir='ltr'>negante</span> <span class='ocrx_word' id='word_1_332' title='bbox 1171 1913 1433 1963; x_wconf 83' lang='lat' dir='ltr'>conveniunt,</span> <span class='ocrx_word' id='word_1_333' title='bbox 1454 1915 1483 1956; x_wconf 82' lang='grc'>81</span> <span class='ocrx_word' id='word_1_334' title='bbox 1506 1928 1631 1954; x_wconf 83' lang='grc'><strong>11113111</strong></span> <span class='ocrx_word' id='word_1_335' title='bbox 1649 1913 1788 1954; x_wconf 90' lang='lat' dir='ltr'>thesin</span> <span class='ocrx_word' id='word_1_336' title='bbox 1806 1913 2046 1967; x_wconf 87' lang='lat' dir='ltr'>generalem</span> 
     </span>
     <span class='ocr_line' id='line_1_32' title="bbox 114 1971 2048 2026; baseline -0.001 -13"><span class='ocrx_word' id='word_1_337' title='bbox 114 1972 424 2025; x_wconf 88' lang='lat' dir='ltr'>amplectuntur</span> <span class='ocrx_word' id='word_1_338' title='bbox 455 1973 559 2013; x_wconf 88' lang='lat' dir='ltr'>duae</span> <span class='ocrx_word' id='word_1_339' title='bbox 592 1975 664 2013; x_wconf 88' lang='lat' dir='ltr'>aut</span> <span class='ocrx_word' id='word_1_340' title='bbox 696 1976 780 2013; x_wconf 85' lang='lat' dir='ltr'>tres</span> <span class='ocrx_word' id='word_1_341' title='bbox 818 1975 890 2013; x_wconf 88' lang='lat' dir='ltr'>aut</span> <span class='ocrx_word' id='word_1_342' title='bbox 923 1973 1062 2026; x_wconf 88' lang='lat' dir='ltr'>plures</span> <span class='ocrx_word' id='word_1_343' title='bbox 1079 1975 1219 2026; x_wconf 86' lang='lat' dir='ltr'>partes</span> <span class='ocrx_word' id='word_1_344' title='bbox 1242 1974 1405 2013; x_wconf 86' lang='lat' dir='ltr'>caetera</span> <span class='ocrx_word' id='word_1_345' title='bbox 1421 1972 1531 2012; x_wconf 89' lang='lat' dir='ltr'>inter</span> <span class='ocrx_word' id='word_1_346' title='bbox 1547 1986 1590 2012; x_wconf 89' lang='lat' dir='ltr'>se</span> <span class='ocrx_word' id='word_1_347' title='bbox 1608 1971 1866 2022; x_wconf 81' lang='lat' dir='ltr'>dissidentes,</span> <span class='ocrx_word' id='word_1_348' title='bbox 1885 1986 1966 2012; x_wconf 92' lang='lat' dir='ltr'>non</span> <span class='ocrx_word' id='word_1_349' title='bbox 1985 1974 2048 2013; x_wconf 89' lang='lat' dir='ltr'>est</span> 
     </span>
     <span class='ocr_line' id='line_1_33' title="bbox 114 2030 2047 2085; baseline 0 -14"><span class='ocrx_word' id='word_1_350' title='bbox 114 2030 303 2084; x_wconf 87' lang='lat' dir='ltr'>quaestio</span> <span class='ocrx_word' id='word_1_351' title='bbox 327 2033 399 2071; x_wconf 90' lang='lat' dir='ltr'>aut</span> <span class='ocrx_word' id='word_1_352' title='bbox 415 2031 547 2072; x_wconf 86' lang='lat' dir='ltr'>thesis</span> <span class='ocrx_word' id='word_1_353' title='bbox 564 2031 638 2072; x_wconf 89' lang='lat' dir='ltr'>illa</span> <span class='ocrx_word' id='word_1_354' title='bbox 660 2031 891 2072; x_wconf 87' lang='lat' dir='ltr'>communis</span> <span class='ocrx_word' id='word_1_355' title='bbox 910 2031 953 2071; x_wconf 90' lang='lat' dir='ltr'>in</span> <span class='ocrx_word' id='word_1_356' title='bbox 970 2031 1111 2084; x_wconf 87' lang='lat' dir='ltr'>plures</span> <span class='ocrx_word' id='word_1_357' title='bbox 1129 2031 1410 2085; x_wconf 84' lang='lat' dir='ltr'>discerpenda,</span> <span class='ocrx_word' id='word_1_358' title='bbox 1429 2031 1499 2071; x_wconf 90' lang='lat' dir='ltr'>sed</span> <span class='ocrx_word' id='word_1_359' title='bbox 1517 2030 1576 2070; x_wconf 89' lang='lat' dir='ltr'>ita</span> <span class='ocrx_word' id='word_1_360' title='bbox 1590 2030 1821 2079; x_wconf 74' lang='lat' dir='ltr'>retinenda,</span> <span class='ocrx_word' id='word_1_361' title='bbox 1845 2032 1874 2072; x_wconf 91' lang='grc'>81</span> <span class='ocrx_word' id='word_1_362' title='bbox 1892 2030 2047 2071; x_wconf 89' lang='lat' dir='ltr'>directe</span> 
     </span>
     <span class='ocr_line' id='line_1_34' title="bbox 115 2087 2045 2144; baseline 0.001 -16"><span class='ocrx_word' id='word_1_363' title='bbox 115 2089 376 2143; x_wconf 84' lang='lat' dir='ltr'>argumentis</span> <span class='ocrx_word' id='word_1_364' title='bbox 408 2090 711 2144; x_wconf 85' lang='lat' dir='ltr'>oppugnanda:</span> <span class='ocrx_word' id='word_1_365' title='bbox 749 2089 935 2143; x_wconf 84' lang='lat' dir='ltr'>alioquin</span> <span class='ocrx_word' id='word_1_366' title='bbox 951 2089 1146 2130; x_wconf 83' lang='lat' dir='ltr'>turbatur</span> <span class='ocrx_word' id='word_1_367' title='bbox 1169 2091 1302 2131; x_wconf 84' lang='lat' dir='ltr'>status</span> <span class='ocrx_word' id='word_1_368' title='bbox 1321 2088 1637 2130; x_wconf 87' lang='lat' dir='ltr'>controversiae.</span> <span class='ocrx_word' id='word_1_369' title='bbox 1671 2087 1739 2130; x_wconf 78' lang='lat' dir='ltr'>Sic</span> <span class='ocrx_word' id='word_1_370' title='bbox 1757 2103 1819 2130; x_wconf 83' lang='lat' dir='ltr'>ex.</span> <span class='ocrx_word' id='word_1_371' title='bbox 1838 2103 1900 2142; x_wconf 90' lang='lat' dir='ltr'>gr.</span> <span class='ocrx_word' id='word_1_372' title='bbox 1919 2103 2045 2142; x_wconf 90' lang='lat' dir='ltr'>opera</span> 
     </span>
     <span class='ocr_line' id='line_1_35' title="bbox 112 2146 2044 2202; baseline 0.001 -16"><span class='ocrx_word' id='word_1_373' title='bbox 112 2149 255 2188; x_wconf 76' lang='lat' dir='ltr'>nostra</span> <span class='ocrx_word' id='word_1_374' title='bbox 294 2146 454 2188; x_wconf 86' lang='lat' dir='ltr'>faciunt</span> <span class='ocrx_word' id='word_1_375' title='bbox 481 2148 692 2201; x_wconf 85' lang='lat' dir='ltr'>justitiam</span> <span class='ocrx_word' id='word_1_376' title='bbox 725 2151 925 2198; x_wconf 88' lang='lat' dir='ltr'>nostram,</span> <span class='ocrx_word' id='word_1_377' title='bbox 964 2149 993 2190; x_wconf 88' lang='grc'>81</span> <span class='ocrx_word' id='word_1_378' title='bbox 1011 2147 1170 2189; x_wconf 85' lang='lat' dir='ltr'>Christi</span> <span class='ocrx_word' id='word_1_379' title='bbox 1187 2148 1338 2189; x_wconf 88' lang='lat' dir='ltr'>merita</span> <span class='ocrx_word' id='word_1_380' title='bbox 1355 2150 1512 2202; x_wconf 88' lang='lat' dir='ltr'>negant</span> <span class='ocrx_word' id='word_1_381' title='bbox 1529 2147 1840 2201; x_wconf 83' lang='lat' dir='ltr'>essejustitiam</span> <span class='ocrx_word' id='word_1_382' title='bbox 1857 2149 2044 2188; x_wconf 88' lang='lat' dir='ltr'>nostram</span> 
     </span>
     <span class='ocr_line' id='line_1_36' title="bbox 114 2204 2043 2260; baseline 0.001 -15"><span class='ocrx_word' id='word_1_383' title='bbox 114 2204 337 2254; x_wconf 75' lang='lat' dir='ltr'>pontificii,</span> <span class='ocrx_word' id='word_1_384' title='bbox 372 2204 595 2256; x_wconf 83' lang='lat' dir='ltr'>Sociniani,</span> <span class='ocrx_word' id='word_1_385' title='bbox 614 2206 974 2252; x_wconf 78' lang='lat' dir='ltr'>Remonstrantes,</span> <span class='ocrx_word' id='word_1_386' title='bbox 993 2205 1313 2260; x_wconf 85' lang='lat' dir='ltr'>Anabaptistae,</span> <span class='ocrx_word' id='word_1_387' title='bbox 1331 2206 1359 2247; x_wconf 83' lang='lat' dir='ltr'>J</span> <span class='ocrx_word' id='word_1_388' title='bbox 1361 2206 1481 2247; x_wconf 89' lang='lat' dir='ltr'>udaei</span> <span class='ocrx_word' id='word_1_389' title='bbox 1501 2207 1564 2248; x_wconf 83' lang='lat' dir='ltr'>&amp;c.</span> <span class='ocrx_word' id='word_1_390' title='bbox 1598 2205 1646 2246; x_wconf 90' lang='lat' dir='ltr'>In</span> <span class='ocrx_word' id='word_1_391' title='bbox 1665 2206 1743 2246; x_wconf 88' lang='lat' dir='ltr'>hac</span> <span class='ocrx_word' id='word_1_392' title='bbox 1760 2205 1869 2247; x_wconf 89' lang='lat' dir='ltr'>thesi</span> <span class='ocrx_word' id='word_1_393' title='bbox 1901 2219 2043 2246; x_wconf 87' lang='lat' dir='ltr'>omnes</span> 
     </span>
     <span class='ocr_line' id='line_1_37' title="bbox 113 2263 2043 2319; baseline 0.001 -16"><span class='ocrx_word' id='word_1_394' title='bbox 113 2263 385 2304; x_wconf 88' lang='lat' dir='ltr'>conveniunt:</span> <span class='ocrx_word' id='word_1_395' title='bbox 420 2264 621 2318; x_wconf 89' lang='lat' dir='ltr'>quidquid</span> <span class='ocrx_word' id='word_1_396' title='bbox 653 2265 880 2306; x_wconf 89' lang='lat' dir='ltr'>dissideant</span> <span class='ocrx_word' id='word_1_397' title='bbox 911 2265 953 2305; x_wconf 91' lang='lat' dir='ltr'>in</span> <span class='ocrx_word' id='word_1_398' title='bbox 986 2265 1304 2319; x_wconf 89' lang='lat' dir='ltr'>hypothesibus.</span> <span class='ocrx_word' id='word_1_399' title='bbox 1337 2264 1426 2306; x_wconf 88' lang='lat' dir='ltr'>Nos</span> <span class='ocrx_word' id='word_1_400' title='bbox 1458 2264 1567 2305; x_wconf 90' lang='lat' dir='ltr'>thesi</span> <span class='ocrx_word' id='word_1_401' title='bbox 1589 2264 1653 2304; x_wconf 91' lang='lat' dir='ltr'>illi</span> <span class='ocrx_word' id='word_1_402' title='bbox 1669 2264 1857 2318; x_wconf 86' lang='lat' dir='ltr'>generali</span> <span class='ocrx_word' id='word_1_403' title='bbox 1878 2265 2043 2305; x_wconf 89' lang='lat' dir='ltr'>contro-</span> 
     </span>
     <span class='ocr_line' id='line_1_38' title="bbox 113 2321 2043 2377; baseline 0.001 -16"><span class='ocrx_word' id='word_1_404' title='bbox 113 2321 292 2362; x_wconf 88' lang='lat' dir='ltr'>versiam</span> <span class='ocrx_word' id='word_1_405' title='bbox 328 2337 556 2373; x_wconf 87' lang='lat' dir='ltr'>movemus,</span> <span class='ocrx_word' id='word_1_406' title='bbox 590 2325 618 2365; x_wconf 85' lang='lat'>&amp;</span> <span class='ocrx_word' id='word_1_407' title='bbox 655 2323 884 2364; x_wconf 87' lang='lat' dir='ltr'>antithesin</span> <span class='ocrx_word' id='word_1_408' title='bbox 915 2325 1101 2364; x_wconf 89' lang='lat' dir='ltr'>nostram</span> <span class='ocrx_word' id='word_1_409' title='bbox 1134 2323 1287 2364; x_wconf 87' lang='lat' dir='ltr'>directe</span> <span class='ocrx_word' id='word_1_410' title='bbox 1309 2323 1570 2377; x_wconf 89' lang='lat' dir='ltr'>opponimus.</span> <span class='ocrx_word' id='word_1_411' title='bbox 1603 2321 1688 2363; x_wconf 90' lang='lat' dir='ltr'>Ubi</span> <span class='ocrx_word' id='word_1_412' title='bbox 1711 2323 1762 2363; x_wconf 89' lang='lat' dir='ltr'>ad</span> <span class='ocrx_word' id='word_1_413' title='bbox 1779 2321 2043 2376; x_wconf 87' lang='lat' dir='ltr'>quaestiones</span> 
     </span>
     <span class='ocr_line' id='line_1_39' title="bbox 112 2379 2040 2435; baseline 0.001 -15"><span class='ocrx_word' id='word_1_414' title='bbox 112 2379 405 2434; x_wconf 88' lang='lat' dir='ltr'>hypotheticas</span> <span class='ocrx_word' id='word_1_415' title='bbox 439 2383 512 2421; x_wconf 91' lang='lat' dir='ltr'>aut</span> <span class='ocrx_word' id='word_1_416' title='bbox 543 2382 819 2422; x_wconf 86' lang='lat' dir='ltr'>consectarias</span> <span class='ocrx_word' id='word_1_417' title='bbox 852 2396 925 2435; x_wconf 90' lang='lat' dir='ltr'>per</span> <span class='ocrx_word' id='word_1_418' title='bbox 942 2382 1199 2422; x_wconf 87' lang='lat' dir='ltr'>adversarios</span> <span class='ocrx_word' id='word_1_419' title='bbox 1218 2382 1304 2423; x_wconf 81' lang='lat' dir='ltr'>sive</span> <span class='ocrx_word' id='word_1_420' title='bbox 1322 2381 1579 2431; x_wconf 85' lang='lat' dir='ltr'>Socinianos,</span> <span class='ocrx_word' id='word_1_421' title='bbox 1598 2381 1684 2421; x_wconf 88' lang='lat' dir='ltr'>sive</span> <span class='ocrx_word' id='word_1_422' title='bbox 1700 2380 1954 2431; x_wconf 70' lang='lat' dir='ltr'>pontificios,</span> <span class='ocrx_word' id='word_1_423' title='bbox 1975 2381 2040 2422; x_wconf 84' lang='lat' dir='ltr'>&amp;c.</span> 
     </span>
     <span class='ocr_line' id='line_1_40' title="bbox 112 2438 2041 2492; baseline -0.001 -13"><span class='ocrx_word' id='word_1_424' title='bbox 112 2438 337 2491; x_wconf 88' lang='lat' dir='ltr'>probantes</span> <span class='ocrx_word' id='word_1_425' title='bbox 370 2441 443 2479; x_wconf 89' lang='lat' dir='ltr'>aut</span> <span class='ocrx_word' id='word_1_426' title='bbox 465 2438 732 2480; x_wconf 88' lang='lat' dir='ltr'>defendentes</span> <span class='ocrx_word' id='word_1_427' title='bbox 755 2440 977 2481; x_wconf 85' lang='lat' dir='ltr'>deventum</span> <span class='ocrx_word' id='word_1_428' title='bbox 994 2439 1135 2491; x_wconf 86' lang='lat' dir='ltr'>fuerit,</span> <span class='ocrx_word' id='word_1_429' title='bbox 1163 2441 1211 2481; x_wconf 91' lang='lat' dir='ltr'>de</span> <span class='ocrx_word' id='word_1_430' title='bbox 1229 2455 1335 2481; x_wconf 88' lang='lat' dir='ltr'>novo</span> <span class='ocrx_word' id='word_1_431' title='bbox 1353 2442 1495 2481; x_wconf 87' lang='lat' dir='ltr'>contra</span> <span class='ocrx_word' id='word_1_432' title='bbox 1510 2439 1605 2479; x_wconf 89' lang='lat' dir='ltr'>illos</span> <span class='ocrx_word' id='word_1_433' title='bbox 1622 2438 1664 2478; x_wconf 91' lang='lat' dir='ltr'>in</span> <span class='ocrx_word' id='word_1_434' title='bbox 1681 2438 1871 2479; x_wconf 88' lang='lat' dir='ltr'>terminis</span> <span class='ocrx_word' id='word_1_435' title='bbox 1887 2452 2041 2492; x_wconf 89' lang='lat' dir='ltr'>propo-</span> 
     </span>
     <span class='ocr_line' id='line_1_41' title="bbox 60 2496 2040 2552; baseline 0.001 -16"><span class='ocrx_word' id='word_1_436' title='bbox 60 2520 62 2523; x_wconf 39' lang='lat'>*</span> <span class='ocrx_word' id='word_1_437' title='bbox 111 2496 201 2537; x_wconf 91' lang='lat' dir='ltr'>sitis</span> <span class='ocrx_word' id='word_1_438' title='bbox 234 2497 572 2548; x_wconf 85' lang='lat' dir='ltr'>determinamus,</span> <span class='ocrx_word' id='word_1_439' title='bbox 605 2500 768 2538; x_wconf 88' lang='lat' dir='ltr'>servato</span> <span class='ocrx_word' id='word_1_440' title='bbox 813 2498 899 2539; x_wconf 88' lang='lat' dir='ltr'>scil.</span> <span class='ocrx_word' id='word_1_441' title='bbox 933 2498 1077 2539; x_wconf 90' lang='lat' dir='ltr'>eodem</span> <span class='ocrx_word' id='word_1_442' title='bbox 1111 2499 1297 2551; x_wconf 85' lang='lat' dir='ltr'>subjecto</span> <span class='ocrx_word' id='word_1_443' title='bbox 1323 2500 1352 2540; x_wconf 89' lang='grc'>81</span> <span class='ocrx_word' id='word_1_444' title='bbox 1371 2497 1621 2552; x_wconf 82' lang='lat' dir='ltr'>praedicato.</span> <span class='ocrx_word' id='word_1_445' title='bbox 1654 2496 1793 2538; x_wconf 90' lang='lat' dir='ltr'>Aliter</span> <span class='ocrx_word' id='word_1_446' title='bbox 1815 2496 1850 2538; x_wconf 89' lang='lat' dir='ltr'>si</span> <span class='ocrx_word' id='word_1_447' title='bbox 1871 2497 1958 2548; x_wconf 89' lang='lat' dir='ltr'>fiat,</span> <span class='ocrx_word' id='word_1_448' title='bbox 1977 2499 2040 2537; x_wconf 90' lang='lat' dir='ltr'>est</span> 
     </span>
     <span class='ocr_line' id='line_1_42' title="bbox 110 2554 2039 2609; baseline 0.002 -17"><span class='ocrx_word' id='word_1_449' title='bbox 110 2569 225 2596; x_wconf 83' lang='lat' dir='ltr'>mera</span> <span class='ocrx_word' id='word_1_450' title='bbox 237 2555 436 2604; x_wconf 76' lang='lat' dir='ltr'>confusio,</span> <span class='ocrx_word' id='word_1_451' title='bbox 455 2554 684 2606; x_wconf 77' lang='grc' dir='ltr'><em>ἀδολεσχία,</em></span> <span class='ocrx_word' id='word_1_452' title='bbox 708 2555 922 2605; x_wconf 67' lang='grc' dir='ltr'>ἀπαγωγὴ,</span> <span class='ocrx_word' id='word_1_453' title='bbox 941 2555 1216 2606; x_wconf 73' lang='grc' dir='ltr'><em>ἑτεροζήτησ-ις,</em></span> <span class='ocrx_word' id='word_1_454' title='bbox 1235 2558 1506 2606; x_wconf 66' lang='grc' dir='ltr'>πολυζήτησις.</span> <span class='ocrx_word' id='word_1_455' title='bbox 1526 2556 1563 2595; x_wconf 83' lang='grc'>3.</span> <span class='ocrx_word' id='word_1_456' title='bbox 1578 2554 1669 2595; x_wconf 88' lang='lat' dir='ltr'>Hac</span> <span class='ocrx_word' id='word_1_457' title='bbox 1682 2555 1877 2596; x_wconf 91' lang='lat' dir='ltr'>methodo</span> <span class='ocrx_word' id='word_1_458' title='bbox 1896 2555 2039 2609; x_wconf 88' lang='lat' dir='ltr'>dispu-</span> 
     </span>
     <span class='ocr_line' id='line_1_43' title="bbox 110 2613 2036 2668; baseline 0.001 -15"><span class='ocrx_word' id='word_1_459' title='bbox 110 2613 226 2653; x_wconf 85' lang='lat' dir='ltr'>tandi</span> <span class='ocrx_word' id='word_1_460' title='bbox 244 2613 441 2654; x_wconf 89' lang='lat' dir='ltr'>tenebrae</span> <span class='ocrx_word' id='word_1_461' title='bbox 459 2613 628 2654; x_wconf 90' lang='lat' dir='ltr'>veritati</span> <span class='ocrx_word' id='word_1_462' title='bbox 646 2614 930 2664; x_wconf 87' lang='lat' dir='ltr'>offunduntur,</span> <span class='ocrx_word' id='word_1_463' title='bbox 947 2619 1023 2655; x_wconf 88' lang='lat' dir='ltr'>nec</span> <span class='ocrx_word' id='word_1_464' title='bbox 1040 2615 1301 2668; x_wconf 87' lang='lat' dir='ltr'>explicantur</span> <span class='ocrx_word' id='word_1_465' title='bbox 1319 2614 1389 2654; x_wconf 87' lang='lat' dir='ltr'>sed</span> <span class='ocrx_word' id='word_1_466' title='bbox 1406 2613 1541 2668; x_wconf 87' lang='lat' dir='ltr'>magis</span> <span class='ocrx_word' id='word_1_467' title='bbox 1563 2613 1832 2666; x_wconf 88' lang='lat' dir='ltr'>implicantur</span> <span class='ocrx_word' id='word_1_468' title='bbox 1849 2613 2036 2654; x_wconf 86' lang='lat' dir='ltr'>difficul-</span> 
     </span>
     <span class='ocr_line' id='line_1_44' title="bbox 110 2671 2034 2726; baseline 0.001 -15"><span class='ocrx_word' id='word_1_469' title='bbox 110 2673 232 2722; x_wconf 86' lang='lat' dir='ltr'>tates,</span> <span class='ocrx_word' id='word_1_470' title='bbox 268 2672 297 2714; x_wconf 90' lang='grc'>81</span> <span class='ocrx_word' id='word_1_471' title='bbox 314 2672 588 2725; x_wconf 88' lang='lat' dir='ltr'>problemata,</span> <span class='ocrx_word' id='word_1_472' title='bbox 623 2671 923 2726; x_wconf 87' lang='lat' dir='ltr'>logomachiae,</span> <span class='ocrx_word' id='word_1_473' title='bbox 943 2673 1218 2713; x_wconf 82' lang='lat' dir='ltr'>sciomachiae</span> <span class='ocrx_word' id='word_1_474' title='bbox 1236 2672 1345 2712; x_wconf 87' lang='lat' dir='ltr'>inter</span> <span class='ocrx_word' id='word_1_475' title='bbox 1362 2671 1611 2712; x_wconf 85' lang='lat' dir='ltr'>orthodoxos</span> <span class='ocrx_word' id='word_1_476' title='bbox 1630 2671 1975 2726; x_wconf 87' lang='lat' dir='ltr'>multiplicantur.</span> <span class='ocrx_word' id='word_1_477' title='bbox 1995 2671 2034 2713; x_wconf 83' lang='lat'>4.</span> 
     </span>
     <span class='ocr_line' id='line_1_45' title="bbox 110 2728 2034 2785; baseline 0 -15"><span class='ocrx_word' id='word_1_478' title='bbox 110 2728 301 2771; x_wconf 86' lang='lat' dir='ltr'>Breviter</span> <span class='ocrx_word' id='word_1_479' title='bbox 332 2729 519 2781; x_wconf 89' lang='lat' dir='ltr'>dicimus,</span> <span class='ocrx_word' id='word_1_480' title='bbox 544 2744 632 2771; x_wconf 89' lang='lat' dir='ltr'>esse</span> <span class='ocrx_word' id='word_1_481' title='bbox 651 2730 816 2771; x_wconf 89' lang='lat' dir='ltr'>unicam</span> <span class='ocrx_word' id='word_1_482' title='bbox 839 2730 1138 2784; x_wconf 89' lang='lat' dir='ltr'>quaestionem,</span> <span class='ocrx_word' id='word_1_483' title='bbox 1171 2731 1236 2772; x_wconf 79' lang='lat' dir='ltr'>An</span> <span class='ocrx_word' id='word_1_484' title='bbox 1256 2730 1441 2772; x_wconf 71' lang='lat' dir='ltr'>Christus</span> <span class='ocrx_word' id='word_1_485' title='bbox 1463 2743 1547 2785; x_wconf 75' lang='lat' dir='ltr'>qua</span> <span class='ocrx_word' id='word_1_486' title='bbox 1568 2730 1769 2772; x_wconf 73' lang='lat' dir='ltr'>mediator</span> <span class='ocrx_word' id='word_1_487' title='bbox 1785 2731 1835 2773; x_wconf 76' lang='lat' dir='ltr'>sil</span> <span class='ocrx_word' id='word_1_488' title='bbox 1852 2730 2034 2772; x_wconf 78' lang='lat' dir='ltr'>adoran-</span> 
     </span>
    </p>
   </div>
   <div class='ocr_carea' id='block_1_3' title="bbox 109 2787 2035 2888">
    <p class='ocr_par' dir='ltr' id='par_1_4' title="bbox 109 2787 2035 2888">
     <span class='ocr_line' id='line_1_46' title="bbox 109 2787 2035 2844; baseline 0 -16"><span class='ocrx_word' id='word_1_489' title='bbox 109 2787 201 2840; x_wconf 69' lang='lat' dir='ltr'>dus,</span> <span class='ocrx_word' id='word_1_490' title='bbox 235 2803 307 2829; x_wconf 88' lang='lat' dir='ltr'>seu</span> <span class='ocrx_word' id='word_1_491' title='bbox 343 2802 401 2830; x_wconf 78' lang='lat' dir='ltr'>an</span> <span class='ocrx_word' id='word_1_492' title='bbox 435 2789 622 2831; x_wconf 65' lang='lat' dir='ltr'>Christus</span> <span class='ocrx_word' id='word_1_493' title='bbox 653 2789 728 2831; x_wconf 80' lang='grc' dir='ltr'>31ιύ</span> <span class='ocrx_word' id='word_1_494' title='bbox 761 2789 828 2830; x_wconf 73' lang='lat' dir='ltr'>illo</span> <span class='ocrx_word' id='word_1_495' title='bbox 850 2789 1022 2843; x_wconf 75' lang='lat' dir='ltr'>formali</span> <span class='ocrx_word' id='word_1_496' title='bbox 1046 2803 1129 2844; x_wconf 80' lang='lat' dir='ltr'>qua</span> <span class='ocrx_word' id='word_1_497' title='bbox 1146 2789 1360 2840; x_wconf 73' lang='lat' dir='ltr'>mediator,</span> <span class='ocrx_word' id='word_1_498' title='bbox 1376 2789 1426 2830; x_wconf 77' lang='lat' dir='ltr'>sit</span> <span class='ocrx_word' id='word_1_499' title='bbox 1442 2789 1686 2830; x_wconf 61' lang='lat' dir='ltr'>adorandas</span> <span class='ocrx_word' id='word_1_500' title='bbox 1702 2789 1743 2830; x_wconf 89' lang='lat' dir='ltr'>in</span> <span class='ocrx_word' id='word_1_501' title='bbox 1761 2789 1827 2831; x_wconf 90' lang='lat' dir='ltr'>his</span> <span class='ocrx_word' id='word_1_502' title='bbox 1844 2788 2035 2831; x_wconf 84' lang='lat' dir='ltr'>terminis</span> 
     </span>
     <span class='ocr_line' id='line_1_47' title="bbox 245 2848 2034 2888; baseline -0.012 21"><span class='ocrx_word' id='word_1_503' title='bbox 245 2850 248 2854; x_wconf 29' lang='lat'><strong>⁴</strong></span> <span class='ocrx_word' id='word_1_504' title='bbox 1877 2848 2034 2888; x_wconf 86' lang='lat' dir='ltr'>motam</span> 
     </span>
    </p>
   </div>
  </div>
 </body>
</html>
