2399 3084
257 96 1012 138 D1sP.VII.Pn0131.r.MA'rUM
1044 111 1106 138 nn
1137 95 1371 162 Mna—mo
1404 97 2077 141 OnR1soe1PAns11.187

141 219 372 273 quemlibet
405 232 555 272 purum
586 218 800 260 hominem
832 233 906 272 pro
938 233 1012 260 suo
1043 221 1212 273 peccato
1245 219 1372 260 etiam
1403 220 1571 261 mortali
1589 221 1792 276 condigne
1815 220 2075 263 satisfacere.

141 277 248 319 Vide
281 277 390 330 apud
434 278 612 332 Vasqacz
644 278 690 318 in
721 278 759 318 3.
801 278 978 319 leomac
1009 285 1164 333 quaest.
1185 278 1313 320 Laut
1336 279 1374 319 2.
1393 278 1546 332 disput.
1567 292 1655 332 cap.
1677 280 1714 320 1.
1733 280 1881 320 citatos
1903 279 2080 322 Aleman-

141 337 283 387 dram,
304 336 587 385 paludanum,
608 336 876 386 Riclzardwn,
901 337 1148 390 Tappcram,
1170 337 1422 389 Cajclanam.
1456 337 1519 377 De
1536 337 1690 378 veniali
1708 340 1875 390 peccato
1892 339 2079 392 complu-

142 409 208 435 res
240 396 270 436 811
302 409 395 435 cum
427 393 479 434 iis
522 395 697 449 Vasqaez
727 394 822 436 ibid.
856 408 944 448 cap.
975 396 1012 435 3.
1031 394 1155 434 nimis
1172 394 1394 435 manifeste
1413 395 1453 435 id
1471 395 1668 436 affirmat.
1701 395 1774 436 XI.
1807 395 1949 437 Posito
1971 398 2080 449 quod

143 451 351 494 Mediator
382 452 411 493 &
445 450 628 505 Sponsor
651 453 841 494 debuerit
859 467 947 493 esse
969 452 1083 493 Deus
1100 452 1354 503 incarnatus,
1379 468 1431 493 an
1449 453 1484 493 is
1501 454 1733 494 necessario
1752 454 1880 495 fuerit
1903 470 2081 508 persona

142 509 333 557 secunda3
343 510 403 550 ita
417 512 463 550 ut
476 510 723 564 simpliciter
734 510 1005 564 impossibilis
1018 510 1167 551 fuisset
1179 510 1410 552 incarnatio
1421 526 1621 564 personae
1634 512 1806 565 primae,
1821 515 1894 553 aut
1906 513 2077 555 tertiae?

144 569 260 623 Resp.
291 567 599 622 Congruentiae
632 570 837 622 quaedam
865 584 887 609 ·1
915 567 1125 619 Patribus,
1144 569 1173 610 &
1190 568 1436 610 Postillistis
1453 570 1680 620 nonnullis,
1703 571 1732 611 a
1750 571 2006 613 Scholasticis
2027 573 2082 613 ad

142 628 181 668 3.
214 634 369 682 quaest.
403 628 442 666 3.
475 628 589 668 artic.
622 628 661 668 8.
684 627 838 668 adferri
861 627 1016 668 solent:
1037 627 1108 667 sed
1129 641 1235 680 quae
1259 627 1390 668 vicem
1409 628 1777 669 demonstrationis
1794 629 2076 684 Theologicae

141 688 356 739 praestare
374 688 599 738 nequeunt.
617 685 853 727 Scholastici
869 686 924 726 ad
942 686 979 725 3.
998 693 1151 740 quaest.
1171 686 1209 726 3.
1228 693 1308 727 arc.
1328 686 1365 726 5.
1386 686 1424 727 6.
1447 686 1484 727 7.
1504 687 1780 727 communiter
1798 688 1892 742 Ncq.
1907 703 1921 736 ;
1938 691 2082 729 contra

143 744 362 785 asserendo
395 743 628 796 quamlibet
659 758 892 797 personam,
912 744 941 785 &
957 746 1042 784 tres
1059 743 1185 784 simul
1206 746 1402 785 naturam
1420 744 1648 785 humanam
1666 746 1695 787 &
1712 760 1839 786 unam
1856 761 2076 799 personam

142 802 186 842 in
218 802 319 842 duas
351 804 522 842 naturas
555 816 675 855 posse
707 816 931 842 assumere.
965 801 1243 843 Tutissimum
1261 805 1323 843 est
1340 803 1389 843 de
1406 803 1562 843 talibus
1581 803 1739 844 curiose
1758 818 1840 845 non
1860 804 2079 858 disputari.

143 859 188 901 Si
219 860 313 914 quis
343 860 387 900 in
418 862 581 913 partem
611 860 692 916 Aff.
722 875 918 913 praesens
940 860 1157 914 problema
1175 860 1451 902 determinare
1471 862 1610 912 vellet,
1630 862 1659 903 &
1678 861 1835 915 absque
1854 861 2081 916 Scripturis

144 921 346 971 tanquam
363 918 586 959 articulum
605 918 701 959 fidei
719 921 792 959 aut
808 919 960 972 dogma
977 918 1280 973 Theologicum
1298 933 1448 973 urgere
1464 935 1472 967 ;
1492 920 1634 972 utique
1648 921 1873 973 petendum
1887 921 2081 971 arbitror,

142 979 189 1017 ut
207 976 363 1017 solidae
380 975 563 1017 rationes
582 976 838 1017 adferantur.
872 976 947 1018 Sin
963 979 1101 1018 totum
1118 977 1196 1018 1100
1213 977 1255 1017 in
1278 977 1413 1018 medio
1432 978 1525 1032 quis
1543 978 1792 1031 relinquere,
1812 980 1841 1021 &
1859 979 1900 1019 in
1921 979 2082 1033 sapien-

142 1035 303 1076 tissimo
320 1034 400 1075 Dei
417 1035 580 1076 decreto
599 1035 859 1088 acquiescere
877 1035 1012 1085 malit,
1035 1035 1180 1088 utique
1200 1050 1368 1076 causam
1384 1035 1464 1077 Dei
1482 1036 1673 1077 hostibus
1691 1037 1786 1077 fidei
1803 1037 1982 1083 tradere,
2006 1040 2079 1079 aut

142 1093 185 1133 in
217 1092 400 1147 gratiam
427 1107 570 1134 eorum
588 1093 640 1133 ab
658 1093 927 1134 ulterioribus
946 1093 1368 1135 determinationibus
1386 1094 1596 1135 abstinere
1614 1095 1810 1136 dicendus
1826 1110 1908 1136 non
1927 1098 2003 1147 est,
2026 1096 2078 1137 ab

142 1151 207 1200 iis,
240 1151 312 1204 qui
344 1150 566 1192 sublimius
596 1151 666 1192 hic
694 1154 900 1205 quaerunt
921 1152 950 1193 δῦ
973 1152 1266 1193 determinant.
1301 1151 1418 1193 Sicut
1434 1152 1618 1193 vicissim
1636 1153 1688 1194 ab
1706 1153 1780 1193 illo
1798 1153 1842 1194 hi
1860 1155 2079 1195 accusandi

143 1224 224 1250 non
260 1212 369 1259 sunt,
403 1210 512 1263 quod
544 1210 754 1250 communi
787 1210 1019 1251 sententiae
1044 1210 1363 1252 Ecclesiasticae
1382 1210 1679 1252 Catechesibus
1701 1211 1730 1252 &
1749 1211 2079 1253 confessionibus
2105 1263 2111 1267 .

144 1267 330 1308 omnium
348 1268 649 1309 determinatae
666 1271 903 1323 repugnent
922 1271 994 1309 aut
1016 1268 1059 1309 in
1077 1283 1169 1310 eam
1186 1269 1363 1310 rebelles
1386 1269 1484 1319 sint,
1503 1284 1596 1310 cum
1614 1270 1711 1310 data
1729 1272 1752 1310 a
1770 1270 2078 1323 quaesitoribus

144 1328 217 1367 aut
249 1326 496 1367 adversariis
529 1327 756 1377 occasione,
790 1341 916 1381 supra
952 1327 1310 1381 sapientissimum
1341 1326 1421 1368 Dei
1453 1328 1666 1368 decretum
1699 1329 1939 1378 ascendunt,
1958 1330 2078 1383 &pro

143 1385 310 1425 modulo
341 1384 468 1425 altius
497 1384 597 1438 quid
618 1385 867 1438 respondere
884 1400 931 1426 ac
948 1385 1226 1427 determinare
1245 1388 1447 1426 conantur
1465 1386 1513 1427 de
1531 1386 1778 1440 simpliciter
1799 1387 1989 1440 possibili
2007 1389 2080 1428 aut

144 1442 408 1496 impossibili.
441 1442 537 1484 XII.
566 1443 635 1484 Aa
668 1443 859 1484 Christus
891 1443 1099 1484 Mediator
1121 1444 1311 1485 debuerit
1338 1459 1548 1485 assumere
1565 1444 1795 1486 humanam
1816 1448 2012 1486 naturam
2029 1460 2080 1487 ex

146 1502 289 1542 eodem
321 1501 549 1556 sanguine3
584 1502 685 1542 adeo
717 1505 764 1543 ut
796 1502 1043 1556 simpliciter
1060 1502 1321 1556 impossibile
1338 1502 1488 1543 fuisset
1504 1518 1649 1544 verum
1666 1503 1834 1557 quidem
1851 1503 2077 1554 hominem,

145 1559 216 1600 sed
237 1559 410 1601 alterius
432 1560 620 1615 originis,
640 1562 664 1601 a
679 1560 766 1601 filio
783 1559 1033 1602 Redemtore
1050 1561 1220 1602 assumi.
1239 1562 1357 1613 Resp.
1377 1561 1572 1603 Scholasc.
1590 1562 1645 1603 ad
1663 1562 1699 1606 3.
1714 1570 1866 1617 qaaest.
1884 1563 1923 1603 4.
1942 1570 2019 1604 arc.
2039 1562 2079 1603 6.

146 1617 288 1658 dicunt
318 1617 434 1671 prius
458 1633 546 1660 esse
568 1619 828 1660 conveniens.
862 1618 925 1659 De
944 1633 1025 1672 quo
1042 1618 1199 1660 minine
1217 1619 1505 1661 dubitandum.
1540 1620 1606 1660 Ex
1622 1620 1776 1661 nostris
1797 1619 2079 1675 Cloppenbar-

143 1676 234 1729 yias
269 1676 314 1716 in
346 1676 560 1731 Syntaym.
592 1678 717 1720 select.
751 1677 970 1720 Eoecrcitat.
1001 1691 1098 1732 paq.
1133 1678 1230 1718 325.
1265 1677 1364 1718 dicit
1381 1678 1572 1719 debuisse
1590 1678 1650 1719 ita
1667 1678 1771 1720 fieri.
1805 1677 1886 1720 Sed
1904 1679 2080 1720 ulterius

144 1733 439 1787 inquirendum
471 1737 592 1785 esset,
626 1749 677 1775 an
709 1735 998 1776 necessitatem
1036 1736 1271 1776 absolutam
1300 1750 1350 1776 ex
1382 1736 1424 1776 vi
1440 1736 1645 1777 naturalis
1673 1737 1864 1790 justitiae
1897 1737 2075 1787 divinae,

146 1806 199 1832 an
230 1806 327 1833 vero
358 1792 675 1846 hypotheticam
706 1795 873 1833 tantum
905 1808 955 1833 ex
986 1793 1027 1834 vi
1059 1794 1214 1835 decreti
1244 1794 1429 1848 intelligi
1460 1794 1583 1835 velit:
1613 1795 1723 1848 quod
1754 1795 1789 1836 si
1821 1795 1952 1845 illam,
1975 1795 2079 1836 rati-

146 1864 243 1891 ones
276 1850 504 1891 audiendae
543 1852 572 1893 81
603 1851 894 1904 expendendae
932 1854 1083 1892 essent.
1115 1851 1179 1892 De
1211 1851 1292 1893 ista
1325 1854 1469 1893 contra
1505 1851 1806 1906 Anabaptistas
1838 1854 2079 1894 conclusum

146 1910 223 1950 est.
255 1907 374 1950 XIII.
408 1909 474 1950 An
506 1909 697 1950 debuerit
735 1923 946 1950 assumere
978 1912 1176 1950 naturam
1208 1910 1439 1951 humanam
1461 1910 1619 1964 absque
1642 1914 1824 1964 peccato,
1859 1913 1888 1953 St
1919 1912 2076 1965 impec-

144 1966 335 2008 cabilem.
370 1967 488 2021 Hesp.
522 1968 555 2010 A
562 1970 608 2023 ff.
644 1968 862 2009 Calechcsis
894 1975 1037 2009 nostra
1069 1975 1222 2023 quaese.
1259 1968 1325 2009 14.
1369 1969 1433 2010 16.
1454 1983 1681 2022 omnesque
1706 1968 1958 2021 Reformati,
1977 1984 2075 2011 con-

145 2027 212 2065 tra
241 2025 432 2066 horridas
463 2029 491 2064 Sc
518 2025 716 2079 profanas
734 2026 1055 2079 disceptationes
1073 2027 1333 2079 quorundam
1352 2025 1717 2077 Scholasticorum,
1738 2027 1855 2076 Scoti,
1880 2028 2080 2070 Darandi

150 2082 222 2125 ἃς.
256 2082 367 2131 Quas
380 2084 468 2137 jam
486 2086 582 2125 ante
600 2084 701 2124 satis
719 2083 993 2125 confuderant
1009 2085 1282 2135 Lombardus,
1303 2085 1420 2139 [pag.
1439 2085 1546 2140 247]
1564 2100 1659 2126 011111
1684 2086 1839 2128 ΤΙιοτηά
1856 2087 1911 2128 ad
1928 2087 1968 2128 3.
1985 2087 2078 2128 disc.

148 2142 214 2182 12.
233 2141 344 2190 Quos
362 2144 592 2195 sequuntur
616 2143 849 2197 Capreolus,
874 2143 1038 2185 Paulus
1060 2143 1275 2194 Sonct'nas,
1294 2143 1443 2186 Par-us
1460 2143 1509 2184 dc
1526 2143 1699 2186 Palade.
1733 2143 1801 2185 Sic
1819 2147 1860 2186 et
1875 2144 2079 2186 recentio-

145 2199 261 2241 ribus
294 2200 469 2241 eundem
501 2215 682 2241 errorem
698 2201 845 2241 merito
862 2201 1116 2256 impugnant
1140 2202 1325 2243 Bccanas
1343 2202 1388 2243 in
1412 2203 1448 2244 T
1443 2201 1544 2243 Ιιθοί.
1567 2202 1761 2245 Scholasc.
1777 2210 1886 2257 parc.
1906 2204 1944 2244 3.
1964 2211 2079 2245 tract.

149 2258 186 2299 1.
219 2272 250 2299 0.
285 2258 350 2298 12.
384 2266 538 2313 quaest.
577 2260 616 2299 3.
650 2259 910 2314 Waddinqas
928 2260 976 2301 de
997 2260 1289 2302 [maritatione
1305 2260 1460 2315 disput.
1480 2262 1520 2301 8.
1544 2260 1640 2302 dab.
1662 2261 1698 2302 1.
1718 2260 2078 2313 Remonstrantes,

146 2318 194 2357 ut
211 2316 341 2357 libere
359 2331 481 2356 suum
503 2316 683 2357 liberum
700 2318 922 2359 arbitrium
939 2317 1177 2370 defendant,
1196 2318 1238 2359 in
1257 2319 1434 2359 eundem
1451 2319 1666 2372 scopulum
1684 2319 1937 2374 impingunt.
1966 2319 2079 2368 Quos

147 2374 190 2415 in
223 2374 339 2428 Apol.
372 2388 459 2428 cap.
481 2375 546 2415 17.
570 2374 658 2415 &in
679 2375 807 2429 Epist.
851 2376 935 2417 Viri
952 2377 1055 2418 docti
1072 2376 1135 2431 (11.
1153 2391 1186 2418 0.
1206 2377 1389 2419 Simonis
1406 2377 1629 2431 Episcopii)
1647 2377 1702 2418 acl
1726 2378 1939 2420 Cameron.
1971 2378 2079 2419 Vide

147 2432 330 2473 detectos
348 2434 372 2473 a
391 2433 716 2487 Cloppenbaryio
738 2434 804 2475 lib.
823 2435 886 2476 cit.
901 2448 1000 2489 pay.
1019 2435 1116 2476 223.
1137 2435 1234 2476 224.
1253 2435 1342 2476 &in
1360 2443 1502 2477 nostra
1518 2435 1830 2477 catechizatione
1843 2437 2081 2479 Catechismi

149 2492 380 2533 Remonslr.
413 2498 568 2545 quaest.
602 2492 669 2532 30.
704 2490 822 2533 Addo
854 2492 926 2545 qui
956 2507 1066 2534 nunc
1088 2493 1255 2534 demum
1272 2493 1377 2534 mihi
1399 2494 1530 2534 lectus
1546 2493 1679 2535 Jacob.
1701 2495 1874 2536 Revium
1891 2495 1936 2536 in
1952 2509 2080 2537 cursa

147 2550 296 2604 Dispp.
315 2549 387 2590 ubi
404 2550 523 2603 Disp.
547 2549 595 2590 (le
615 2549 849 2591 obediencia
872 2551 1024 2593 Christi
1045 2566 1095 2592 ex
1110 2551 1297 2605 professo
1314 2566 1457 2592 omnes
1474 2551 1863 2593 Remonstrantium
1880 2553 2079 2607 objectio-

148 2622 221 2648 nes
253 2609 282 2650 &
315 2607 577 2661 exceptiones
609 2607 819 2662 profligat.
851 2608 969 2651 XIV.
1001 2609 1066 2651 Aa
1081 2610 1257 2650 minima
1274 2609 1431 2651 Christi
1449 2624 1595 2664 poena,
1613 2609 1740 2651 immo
1762 2611 1829 2652 vel
1845 2611 1966 2653 unica
1983 2627 2078 2653 san-

150 2665 289 2720 guinis
307 2666 477 2720 guttula
494 2665 677 2707 sufficiat
692 2680 768 2719 pro
787 2667 979 2708 omnibus
1000 2667 1179 2722 peccatis
1196 2682 1302 2722 quae
1324 2671 1417 2722 quis
1434 2668 1663 2718 commisit;
1691 2671 1816 2723 atque
1837 2670 1938 2711 adeo
1961 2670 2081 2711 suffi-

149 2723 232 2764 ciat
263 2724 476 2778 guttulam
498 2726 678 2774 tantum,
706 2726 779 2766 aut
800 2725 1018 2771 minimam
1034 2726 1270 2780 passionem
1289 2727 1312 2767 a
1331 2725 1420 2768 Deo
1436 2726 1480 2767 in
1498 2726 1636 2774 λύτρον
1652 2727 1772 2769 nobis
1789 2727 2079 2782 imputandam

149 2783 274 2835 atque
305 2782 598 2836 applicandam
628 2783 866 2836 postulari?
899 2785 1020 2840 Resp.
1044 2785 1171 2840 Neqac
1208 2785 1428 2828 Caccchesis
1450 2792 1605 2841 quaest.
1624 2786 1693 2828 37.
1715 2785 1784 2827 40.
1805 2786 1875 2828 44.
1907 2785 2079 2841 Negant

1951 2844 2079 2887 etiam
