2399 3084
317 121 399 163 262
540 121 679 163 D1sp.
711 118 785 161 IX.
819 118 892 159 DE
925 117 1088 159 STATU
1121 118 1430 160 Emcwonmt
1463 132 1595 158 ..erss
1629 116 2042 159 Couvssasionnn.

317 245 572 287 connexione
596 259 692 286 cum
724 243 891 284 foedere
927 242 955 284 81
988 240 1152 295 gratiae
1185 241 1267 283 Dei
1300 241 1563 282 destitutum.
1583 240 1736 283 Confer
1754 242 1922 296 Dispice.
1941 241 1990 282 de
2011 241 2264 283 Gemilismo.

317 303 462 345 Nolim
502 303 630 344 etiam
665 304 884 360 affirmare
908 315 1006 341 eum
1022 299 1358 354 Regeneratione
1377 315 1450 341 seu
1467 300 1734 341 conversione
1753 300 1922 350 actuali,
1941 300 2091 341 saltem
2107 300 2267 341 incom-

318 363 433 416 pleta
449 362 492 402 in
511 365 648 403 totum
667 362 798 403 fuisse
816 359 1080 401 destitutum.
1114 357 1168 399 II.
1200 359 1336 401 Probl.
1362 358 1471 407 Quid
1501 359 1550 400 de
1573 358 1707 400 Paulo
1733 361 1829 399 ante
1848 358 2161 400 conversionem
2179 373 2268 400 sen-

315 421 504 462 tiendum
518 423 537 462 ?
573 422 689 475 Resp.
716 420 865 461 Fuisse
891 417 1129 472 regenitum
1146 418 1189 457 in
1207 417 1410 458 infantia:
1432 432 1513 471 quo
1530 417 1639 458 forte
1655 417 1803 458 referri
1819 417 1952 471 possit
1971 418 2103 459 Galat.
2125 418 2162 457 1.
2184 418 2250 457 15.

317 478 517 528 Quamvis
549 479 801 533 interpretes
834 476 1111 518 communiter
1147 476 1196 517 de
1213 476 1351 531 gratia
1368 476 1545 517 relativa
1563 476 1784 529 accipiant.
1818 475 1899 517 Sed
1916 475 2073 517 sufficit
2089 476 2210 525 ratio,
2231 478 2254 516 a

317 538 630 579 circumcisione
647 538 676 579 81
695 540 865 578 externo
882 535 1048 576 foedere
1067 535 1300 589 desumpta,
1319 550 1425 588 quae
1442 535 1632 576 internae
1649 534 1946 576 foederationis
1974 535 2003 576 81
2021 535 2259 575 sanctitatis

318 597 509 651 symbola
546 599 644 637 sunt
675 597 718 637 111
751 595 946 637 omnibus
983 594 1127 635 electis
1161 594 1190 635 ἃ
1218 609 1292 647 per
1313 593 1530 634 Christum
1554 594 1800 647 redemptis;
1826 594 1963 647 qualis
1982 596 2071 634 erat
2088 594 2260 635 Paulus.

318 655 640 697 Conversionem
658 655 786 696 etiam
804 654 991 707 aliquam
1008 653 1306 706 incompletam
1324 652 1455 693 nolim
1478 653 1526 693 de
1545 653 1689 693 eodem
1711 652 1839 693 Paulo
1871 666 2033 707 neqare.
2067 651 2175 693 Sunt
2193 651 2265 705 qui

318 714 401 755 huc
418 714 591 754 trahant
623 714 726 754 illud
746 714 785 754 2.
812 713 914 754 Tim.
944 713 981 752 l.
1007 712 1045 751 3.
1075 712 1146 752 sed
1164 711 1290 752 aliam
1310 713 1339 754 81
1355 711 1555 752 tutiorem
1572 711 1698 764 hujus
1717 711 1794 752 loci
1815 711 2119 765 expositionem
2136 711 2267 752 habet

319 773 429 814 Beza
465 773 511 813 in,
543 773 651 814 notis
684 787 733 813 ex
751 771 975 813 collatione
992 770 1074 811 Act.
1094 770 1160 810 24.
1190 770 1255 810 14.
1274 769 1353 811 III.
1377 769 1514 812 Pri-obl.
1534 777 1601 810 An
1619 769 1751 824 Lydia
1774 770 1873 824 (Act.
1900 770 1971 822 16)
1990 771 2019 812 81
2036 770 2267 810 Eunuchus

320 832 404 873 Act.
425 832 463 872 8.
483 831 513 872 81
536 831 753 872 Cornelius
770 831 903 872 Actor.
925 830 991 869 lO.
1016 828 1174 869 fuerint
1191 829 1350 883 absque
1368 829 1481 869 0111111
1499 829 1831 883 regeneratione,
1851 831 1924 869 aut
1941 829 2090 869 saltem
2110 829 2268 882 absque

320 889 475 931 actuali
493 890 761 931 conversione
776 891 795 930 t>
820 890 938 942 Hesp.
963 887 1173 928 Neutrum
1197 887 1367 941 probari
1384 889 1535 941 potest.
1569 887 1704 928 Immo
1727 888 1827 940 quid
1845 890 1960 928 vetat
1984 887 2120 928 dicere
2138 887 2267 928 fuisse

319 949 363 989 in
399 949 485 989 illis
520 948 692 1003 (saltem
724 948 768 988 in
799 947 931 1001 Lydia
967 947 996 988 81
1029 945 1241 999 Cornelio)
1270 947 1521 1000 completam
1546 948 1575 988 81
1597 947 1917 999 pertendentem
1941 946 2267 987 conversionem.

321 1007 488 1048 Novam
506 1007 648 1060 itaque
666 1007 785 1047 illam
803 1005 1129 1053 conversionem,
1149 1019 1256 1059 quae
1274 1005 1461 1053 accessit,
1476 1020 1558 1045 non
1576 1005 1703 1046 fuisse
1722 1005 1916 1058 primam,
1935 1005 2006 1046 sed
2023 1007 2267 1046 renovatam

321 1068 349 1108 81
382 1065 503 1119 quasi
535 1080 688 1106 novam
711 1068 836 1118 atque
856 1065 983 1105 aliam
1000 1066 1093 1104 tum
1117 1064 1235 1119 [pag.
1257 1064 1364 1119 422]
1384 1064 1598 1104 extensive
1615 1066 1704 1104 tun]
1728 1064 1953 1113 intensive3
1971 1063 2179 1117 imprimis
2198 1078 2268 1104 ex-

322 1128 440 1166 tensa
462 1124 702 1178 cognitione
719 1123 828 1171 fidei,
859 1137 966 1177 quae
983 1122 1026 1162 in
1045 1122 1148 1176 ipsis
1168 1125 1270 1173 erat,
1288 1125 1381 1163 tum
1398 1122 1599 1177 generali,
1618 1125 1708 1163 tum
1729 1123 2010 1176 applicatione
2028 1122 2200 1176 speciali
2219 1122 2270 1162 ad

320 1183 347 1223 ‚J
351 1197 467 1224 esum
499 1182 785 1232 Nazarenum,
824 1197 948 1235 quem
984 1181 1188 1222 hactenus
1210 1181 1463 1236 ignorabant
1487 1196 1576 1222 esse
1594 1196 1739 1222 verum
1758 1181 1878 1222 illum
1902 1181 2115 1222 Messiam.
2151 1180 2269 1229 Quod

325 1242 359 1283 si
377 1242 471 1295 quis
490 1241 682 1294 objiciat:
722 1240 962 1295 Theologos
999 1243 1164 1281 nostros
1195 1240 1299 1281 baec
1322 1241 1516 1294 exempla
1533 1240 1736 1281 adducere
1755 1243 1802 1281 ut
1824 1241 1919 1281 inde
1936 1240 2116 1294 probent
2134 1239 2269 1281 omni-

324 1301 490 1342 modam
525 1301 553 1342 81
586 1299 874 1341 invincibilem
898 1299 1081 1354 gratiam
1113 1298 1193 1339 Dei
1220 1299 1263 1339 in
1286 1299 1421 1353 primo
1440 1299 1721 1340 conversionis
1740 1302 1813 1340 aut
1830 1299 2162 1354 regenerationis
2179 1313 2269 1339 mo-

324 1361 481 1400 mento.
518 1360 634 1412 Hesp.
653 1358 791 1399 Tanto
808 1358 961 1399 fortius
985 1358 1193 1413 stringere
1216 1360 1533 1412 argumentum:
1558 1358 1593 1398 si
1610 1358 1722 1398 enim
1748 1358 1863 1399 Deus
1882 1361 2080 1412 operatur
2098 1357 2271 1412 speciali

325 1420 354 1460 81
386 1417 673 1471 omnipotente
706 1432 781 1458 sua
803 1417 943 1471 gratia
973 1419 1214 1457 renovatam
1249 1417 1576 1466 conversionem,
1595 1420 1752 1470 quanto
1775 1417 1912 1472 magis
1939 1417 2132 1470 primam.
2173 1415 2271 1456 Pari

324 1476 487 1517 ratione
520 1476 564 1516 in
601 1477 746 1517 eadem
780 1475 1062 1517 controversia
1086 1475 1295 1516 adducunt
1319 1476 1506 1530 Philipp.
1527 1476 1564 1515 2.
1590 1477 1655 1517 13.
1677 1476 1798 1518 Helm
1821 1477 1887 1516 13.
1916 1477 2068 1518 Camic.
2099 1477 2132 1516 l.
2152 1476 2269 1516 4.]6-

323 1549 424 1576 rem.
461 1535 527 1575 31.
565 1535 632 1575 18.
671 1535 745 1576 ubi
776 1537 919 1575 tamen
953 1534 1002 1575 de
1034 1534 1277 1575 hominibus
1309 1534 1559 1589 regenitis&
1582 1535 1790 1575 conversis
1809 1535 1878 1589 agi
1895 1549 2018 1576 nemo
2035 1534 2268 1589 negaverit.

322 1593 398 1634 IV.
436 1593 572 1635 Probl.
602 1593 711 1641 Quid
733 1593 1003 1634 statuendum
1036 1593 1085 1634 de
1117 1593 1280 1634 latrone
1301 1593 1345 1633 in
1369 1595 1516 1634 cruce?
1540 1594 1660 1647 Resp.
1694 1592 1911 1646 Siquidem
1933 1593 2062 1635 fuerit
2083 1593 2110 1634 J
2114 1593 2270 1634 udaeus

325 1653 391 1707 (de
411 1666 492 1706 quo
509 1666 591 1693 non
609 1654 712 1705 puto
734 1652 949 1702 dubitari),
964 1654 1054 1693 erat
1071 1652 1114 1692 in
1131 1651 1313 1692 infantia
1335 1652 1565 1706 regenitus.
1602 1651 1722 1693 Nihil
1741 1653 1789 1692 de
1808 1652 1964 1693 actuali
1992 1652 2080 1706 ejus
2098 1666 2270 1693 conver-

325 1711 454 1760 sione,
489 1711 617 1751 etiam
649 1711 905 1764 incompleta
935 1710 1066 1751 statui
1097 1713 1256 1764 potest:
1291 1711 1363 1751 sed
1394 1711 1438 1750 111
1470 1713 1699 1765 negantem
1726 1711 1866 1764 potius
1888 1711 2191 1751 inclinandum.
2212 1709 2265 1751 V.

326 1769 466 1811 Proba.
499 1768 568 1810 An
600 1768 855 1820 δεσμὸφυλκέξ
887 1769 1022 1810 Actor.
1059 1770 1126 1809 16.
1161 1770 1229 1810 27.
1265 1770 1334 1810 28.
1370 1770 1439 1810 29.
1471 1769 1514 1809 111
1535 1769 1718 1810 infantia
1735 1769 1865 1810 fuerit
1882 1769 2130 1824 regenitus?
2150 1770 2266 1823 Hesp.

327 1828 549 1884 Affirmari.
570 1842 653 1868 non
678 1830 829 1881 potest,
852 1828 935 1868 nisi
968 1830 1132 1869 constet
1154 1828 1196 1868 in
1215 1827 1390 1869 ecclesia
1406 1830 1555 1868 natum
1578 1828 1607 1869 81
1625 1829 1847 1869 educatum
1869 1828 2019 1869 fuisse:
2044 1828 2153 1881 quod
2184 1842 2267 1868 non

326 1889 388 1927 est
420 1886 661 1927 verisimile.
695 1885 834 1941 Magis
868 1886 1088 1940 probabile
1120 1889 1183 1928 est
1215 1901 1311 1928 eum
1344 1901 1394 1927 ex
1411 1887 1726 1927 conversatione
1743 1902 1837 1928 cum
1855 1886 2042 1937 Judaeis,
2062 1887 2106 1927 in
2125 1887 2269 1927 adulta

325 1947 462 1985 aetate
495 1945 547 1985 ad
583 1945 753 1998 aliquod
790 1945 886 1986 fidei
909 1946 938 1987 81
959 1945 1131 1999 pietatis
1154 1959 1335 1997 granum
1352 1945 1605 1999 pervenisse.
1640 1945 1714 1986 VI.
1750 1946 1890 1988 Probc.
1910 1946 1978 1986 An
2001 1945 2268 2000 Augustinus

325 2003 454 2044 fuerit
484 2003 700 2057 regenitus
733 2005 762 2046 81
794 2003 1017 2045 actualiter
1034 2018 1268 2054 conversus,
1286 2006 1383 2045 ante
1400 2004 1668 2057 apostasiam.
1706 2005 1821 2058 Hesp.
1855 2004 1918 2045 De
1950 2004 2269 2059 regeneratione

324 2061 459 2115 primo
491 2062 629 2115 prima
659 2076 743 2102 non
774 2065 838 2103 est
861 2062 1154 2103 dubitandum.
1186 2062 1277 2104 Nec
1311 2062 1440 2103 etiam
1463 2063 1512 2103 de
1530 2063 1685 2103 actuali
1703 2063 1972 2104 conversione
1991 2063 2267 2116 incompleta:
2313 2080 2316 2083 ’

325 2120 442 2172 cujus
474 2120 534 2161 rei
566 2121 691 2161 fidem
713 2120 875 2161 faciunt
891 2121 979 2171 illa,
999 2135 1105 2174 quae
1123 2121 1253 2162 refert
1275 2121 1527 2175 Confession.
1547 2121 1614 2162 lib.
1638 2121 1676 2161 3.
1694 2135 1781 2175 cap.
1802 2122 1841 2162 6.
1875 2120 1973 2162 VH.
2009 2121 2146 2162 Probl.
2167 2120 2269 2170 Quis

326 2177 455 2219 fuerit
477 2181 612 2219 status
631 2178 807 2219 Lutheri
824 2182 921 2220 ante
939 2179 1285 2220 conversionem?
1319 2181 1436 2233 Hesp.
1459 2180 1523 2220 De
1555 2180 1874 2234 regeneratione
1897 2180 1985 2234 ejus
2003 2194 2085 2220 non
2104 2180 2267 2221 dubita-

326 2251 433 2277 mus.
466 2235 548 2277 Sed
567 2237 667 2290 quid
685 2237 734 2278 de
752 2238 906 2278 actuali
929 2238 1229 2279 conversione?
1262 2237 1322 2279 Ut
1354 2238 1525 2292 quidem
1544 2238 1645 2289 vita,
1666 2239 1818 2289 studia,
1841 2239 2151 2289 meditationes,
2175 2241 2269 2279 ten-

326 2294 520 2344 tationes,
542 2296 571 2337 &
591 2296 727 2336 luctae
750 2296 838 2349 ejus
860 2296 903 2336 in
925 2296 1105 2349 Papatu,
1138 2297 1190 2337 ab
1210 2296 1302 2350 ipso
1320 2296 1349 2337 81
1367 2296 1685 2337 afamiliaribus
1718 2297 1864 2338 amicis
1888 2297 2194 2347 describuntur,
2211 2297 2270 2337 vi-

328 2353 449 2393 detur
468 2354 520 2393 ad
542 2354 764 2395 minimum
783 2354 1062 2408 incompletae
1079 2355 1189 2405 fidei,
1204 2356 1233 2397 81
1251 2355 1533 2396 conversionis
1555 2355 1739 2409 impetus
1762 2356 2018 2409 persensisse
2035 2369 2043 2396 :
2077 2356 2269 2409 quamvis

328 2411 380 2451 ab
413 2411 547 2452 altera
578 2415 697 2465 parte
718 2413 979 2454 monachalis
996 2413 1071 2453 illa
1088 2413 1258 2466 pietatis
1275 2414 1416 2467 praxis
1435 2414 1657 2455 admodum
1680 2414 1816 2455 vicina
1838 2415 2029 2455 videatur
2060 2414 2270 2455 subtiliori

326 2469 551 2522 hypocrisi.
585 2469 705 2512 VIII.
740 2471 881 2513 Probl.
915 2470 1023 2519 Quid
1056 2472 1104 2512 de
1136 2472 1330 2525 plurimis
1359 2472 1547 2522 eruditis,
1570 2487 1645 2514 nec
1663 2476 1828 2514 caetera
1846 2473 1906 2513 ita
1922 2473 2045 2513 malis
2062 2488 2070 2521 ;
2090 2487 2269 2526 quorum

327 2527 401 2567 alii
423 2527 473 2567 ad
490 2543 564 2569 nos
580 2530 853 2580 transierunt,
873 2530 944 2570 sed
956 2530 1025 2570 vix
1042 2545 1116 2583 per
1132 2530 1272 2571 omnia
1290 2531 1471 2571 sinceros
1490 2532 1518 2572 81
1535 2531 1669 2572 bonae
1687 2531 1803 2586 frugi
1819 2531 2067 2572 reformatos
2086 2546 2129 2571 se
2147 2545 2268 2584 prae-

328 2585 540 2636 stiterunt,
559 2590 631 2627 aut
650 2591 820 2641 propter
837 2587 1021 2628 rationes
1039 2589 1272 2629 mundanas
1291 2589 1342 2629 ad
1359 2589 1563 2630 vomitum
1576 2590 1764 2637 redeunt3
1784 2590 1870 2640 alii,
1889 2589 1961 2643 qui
1976 2590 2088 2630 inter
2104 2592 2268 2630 utrum-

330 2657 410 2695 que
445 2644 589 2685 volant
616 2647 644 2687 81
668 2646 897 2695 fiuctuant;
936 2647 1009 2687 alii
1042 2647 1085 2687 in
1108 2646 1293 2700 Papatus
1311 2648 1601 2689 communione
1619 2651 1914 2701 permanentes
1934 2650 2001 2702 (ex
2025 2662 2162 2688 errore
2179 2648 2268 2688 scil.

328 2701 438 2741 circa
473 2702 611 2755 capita
643 2704 691 2744 de
724 2705 926 2755 Ecclesia,
964 2720 1065 2759 pace
1083 2705 1377 2753 ecclesiastica,
1397 2706 1591 2747 scismate
1614 2708 1679 2748 810.
1698 2710 1771 2747 aut
1792 2708 1962 2760 propter
1980 2706 2083 2747 haec
2101 2708 2130 2748 81
2147 2707 2268 2760 talia)

330 2759 551 2811 plerosque
582 2763 738 2812 tamen,
773 2763 807 2803 si
840 2778 922 2803 non
956 2778 1099 2805 omnes
1133 2765 1221 2818 ejus
1259 2778 1418 2805 errores
1442 2764 1545 2805 satis
1563 2764 1834 2818 perspiciunt,
1853 2766 1882 2806 81
1904 2764 1969 2814 iis,
1988 2764 2061 2805 ubi
2079 2767 2268 2818 possunt,

329 2818 437 2857 tecte
469 2819 778 2868 contradicunt3
812 2821 885 2862 alii
919 2821 1261 2863 reformationem
1293 2836 1387 2862 cum
1421 2823 1472 2863 ad
1503 2825 1670 2877 tempus
1698 2823 1993 2876 postulassent,
2013 2823 2102 2865 81111
2123 2822 2269 2863 multis

2121 2895 2270 2923 causae
