2399 3084
428 82 737 124 DoGMA'Ms
770 98 831 124 DE
864 81 1526 126 SS.TR1N1TATE.PARS
1559 99 1797 128 ALTERA.
2012 85 2094 125 103

148 207 419 259 deposcimus,
452 204 492 247 a·
516 219 611 247 cnm
630 205 706 247 liae
715 213 810 247 ante
829 206 980 248 Christi
997 206 1183 247 tribunat
1198 206 1400 247 assistere.
1434 203 1497 245 Ad
1513 203 1620 246 hanc
1640 206 1935 260 confessionem
1955 221 2096 250 omnes

146 265 380 314 hortamur,
411 263 452 306 ἃ
487 264 689 306 deservire
719 265 805 306 Deo
832 265 1044 307 nobiscnm
1068 265 1308 313 irwitamits,
1328 277 1376 305 ac
1390 276 1516 315 saper
1535 272 1713 306 montem
1731 266 1936 308 eoecetsum
1959 267 2094 320 Impe-

148 324 200 365 rii
215 331 381 370 stantes,
398 324 703 377 praedicamus,
721 338 847 379 aeqite
862 324 1167 366 ecclesiasticam
1183 337 1324 377 paceni
1343 323 1411 364 toti
1415 336 1463 363 its
1472 324 1617 375 populi
1625 324 1907 365 solennitatem
1921 325 2093 366 adnun-

146 382 316 424 ciamus.
355 382 462 424 Nam
488 382 559 424 illa
592 383 807 437 qnondam
844 383 1002 424 Christo
1029 383 1270 424 dilectorum
1287 380 1487 423 dissensio
1506 395 1619 423 nanc
1635 382 1681 423 in
1697 383 1957 424 concordiam
1975 398 2094 426 versa

146 449 235 489 est;
262 441 570 483 Haereticoritm
605 450 748 482 contra
779 449 877 483 sient
908 442 1106 483 scandala
1123 455 1135 481 .·
1154 441 1271 496 [pag.
1303 439 1408 495 504]
1425 441 1724 495 propriamque
1740 442 1982 495 di9nitatein
1999 443 2096 485 haec

146 500 248 556 fides
278 499 425 554 adepta
456 507 524 548 est,
563 500 651 554 ipso
679 501 837 542 Christo
870 501 957 542 sitis
991 501 1174 542 Ecclesiis
1201 500 1394 540 medente.
1420 498 1512 551 lpse
1527 507 1583 540 est
1606 500 1832 554 iqiturpaa·
1848 509 2004 550 nostra,
2022 502 2096 557 qui

147 559 266 600 solvit
291 559 469 600 medium
490 559 683 600 'materiae
702 560 919 613 parietem:
948 558 989 600 85
1009 573 1114 614 qaae
1138 572 1212 612 per
1228 566 1413 612 tempora
1429 557 1693 607 dissidebant,
1712 560 1758 599 in
1773 560 2095 601 unanimitatem

146 617 387 659 conciliavit.
428 619 544 660 Unus
568 619 791 667 Dominus,
815 632 903 659 una
934 619 1048 674 fides,
1079 631 1214 659 unam
1240 617 1458 670 baptisma,
1487 630 1575 657 ‘ana
1596 617 1641 658 in
1660 617 1796 659 Deam
1814 631 1928 660 nanc
1944 627 1999 660 est
2017 620 2092 661 Ec·

147 676 287 718 clesiae
303 677 458 718 unitas.
491 677 536 719 Si
556 678 649 732 quis
667 677 794 730 iqititr
818 677 969 719 Christi
985 685 1148 719 amator
1173 684 1242 724 est,
1266 674 1306 717 a
1325 675 1462 717 metuit
1481 676 1726 725 Dominam,
1748 685 2010 732 optatamque
2026 691 2094 719 sa-

149 735 274 776 lntem
307 735 522 786 desiderat,
561 736 669 777 lianc
691 736 815 792 fidem
836 736 1119 777 Ortliodooeam
1143 742 1285 777 teneat.
1321 735 1399 777 lVec
1415 734 1523 775 enim
1543 735 1618 776 erit
1634 748 1708 788 per
1723 736 1851 776 aliam
1868 737 1992 792 fidem
2009 738 2092 779 sat-

145 795 250 835 vari.
287 793 333 837 Si
364 795 457 849 quis
489 808 583 836 vero
615 795 835 836 hominum
871 795 1057 848 personis
1088 795 1267 849 qratiam
1298 793 1465 841 eoeliibet,
1498 793 1720 835 Charitatis
1741 802 1877 835 autem
1895 795 1939 835 in
1957 796 2093 837 Deam

146 854 419 894 annotatorem
453 867 494 894 se
529 867 615 895 non
637 854 904 902 demonstrat,
936 861 1270 908 praesentemque
1301 859 1489 893 nostram
1519 852 1635 906 piam
1653 853 1984 895 constitutionem
2007 867 2093 895 non

146 911 298 965 recipit,
327 912 363 952 si
393 912 560 966 quidem
592 912 824 966 Epi-scopas
840 920 908 959 est,
927 913 988 953 ‘vet
1010 913 1199 960 Clericus,
1218 918 1291 952 ant
1311 910 1548 953 Monacliieo
1565 911 1847 953 circumdatas
1864 920 1919 954 est
1935 912 2093 962 habitu,

146 970 439 1024 deportationis
467 984 600 1024 poena
632 972 804 1012 eoeolret:
841 970 876 1011 si
908 984 1001 1012 'vero
1038 971 1084 1011 in
1119 970 1276 1012 Ordine
1308 970 1561 1023 diqnitatitm
1595 970 1776 1012 insertus
1794 979 1862 1020 est,
1886 972 2090 1025 supplicio

143 1029 459 1083 proscriptionis
491 1030 724 1077 mulctator,
757 1029 873 1084 eiqzte
903 1029 1116 1083 cinqumm
1156 1029 1376 1070 adimitor:
1403 1029 1440 1069 si
1460 1036 1594 1069 autem
1615 1029 1799 1070 idioticae
1820 1031 1940 1071 sortis
1956 1038 2026 1080 est,
2044 1045 2094 1073 ea:

146 1087 222 1129 hac
256 1088 391 1141 Reqia,
425 1088 621 1143 omnique
650 1088 816 1142 penitus
852 1088 1016 1129 Civitate
1042 1088 1217 1129 eoetorris
1248 1087 1453 1141 abjicitor:
1492 1085 1533 1128 a·
1555 1101 1680 1141 snper
1701 1088 1954 1130 haecomnia
1970 1090 2092 1131 etiam

148 1146 341 1188 terribilis
377 1154 498 1202 atque
514 1147 777 1201 ineoepiabilis
800 1147 953 1201 judicii
974 1160 1060 1187 non
1077 1146 1242 1202 effuyiet
1264 1146 1505 1188 cruciatum.
1539 1145 1744 1187 Alcuinus
1767 1147 1810 1187 in
1827 1147 2091 1201 praefatione

147 1205 242 1247 libr.
271 1206 320 1247 de
349 1205 560 1246 Trinitate
591 1206 642 1246 ad
659 1204 855 1246 Caroluni
873 1205 1092 1259 Magnum,
1114 1207 1233 1259 optat
1251 1206 1279 1247 81
1298 1204 1561 1245 commendat
1580 1207 1625 1245 ut
1640 1205 1851 1258 imperiali
1863 1206 1994 1260 ipsius
2017 1222 2090 1260 po-

146 1264 280 1305 tentia
298 1278 466 1305 concors
482 1264 608 1318 hujus
627 1264 838 1305 doctrinae
857 1264 1062 1305 confessio
1085 1266 1353 1318 protegatur:
1385 1265 1432 1305 Ut
1466 1264 1511 1304 in
1532 1276 1696 1305 omnem
1712 1265 1890 1317 qtorttmn
1911 1273 2091 1307 vestrum

147 1323 392 1365 extendatur
418 1323 671 1377 imperinm:
704 1331 751 1365 ut
778 1323 860 1365 scit.
896 1323 1089 1364 catholica
1117 1323 1230 1379 fides,
1265 1336 1369 1378 quae
1395 1322 1635 1363 numanam
1666 1336 1795 1376 {senas
1826 1325 1911 1366 sola
1930 1323 2002 1378 (N.
2023 1324 2090 1372 B.)

147 1382 386 1439 sanctificat,
418 1383 612 1423 veraciter
649 1383 694 1423 in
721 1383 810 1423 und
842 1383 1097 1423 consessione
1128 1390 1374 1423 citnctornm
1408 1381 1596 1422 coraibus
1629 1381 1856 1437 infigyatitr;
1887 1390 2091 1438 quatenus

147 1441 304 1482 samnii
324 1441 431 1495 regiis
448 1441 628 1482 donante
642 1441 789 1495 pietate
806 1442 946 1482 eadem
964 1448 1128 1482 sanctae
1141 1441 1257 1495 pacis
1275 1439 1314 1482 a·
1330 1442 1529 1494 perfectae
1539 1440 1765 1491 charitatis,
1784 1455 1926 1483 omnes
1942 1441 2091 1498 ubique

146 1507 256 1554 reyat
277 1498 317 1542 ἃ
332 1500 533 1542 custodiat
554 1500 708 1541 unitas.
741 1498 858 1540 Idem
875 1500 919 1540 in
937 1499 1183 1541 hexasticho
1197 1500 1248 1540 ad
1266 1499 1444 1540 eundem
1467 1498 1664 1540 Carolum
1681 1498 1739 1541 M.

447 1586 498 1627 Te
510 1592 629 1639 pater
645 1592 765 1640 atqite
779 1587 913 1639 patris
927 1586 1077 1639 proles,
1098 1594 1132 1627 te
1149 1586 1322 1639 spiritus
1344 1587 1484 1628 atmiis

503 1645 709 1698 Proteyat,
730 1646 886 1694 eaeatcet,
905 1647 1042 1693 salvet,
1062 1645 1245 1694 honoret,
1263 1652 1383 1686 amet.

446 1703 575 1755 Quem
597 1710 669 1744 cita
682 1716 759 1756 per
777 1705 965 1758 popidos,
990 1711 1134 1751 terras,
1152 1717 1227 1758 per
1242 1717 1385 1757 reqna,
1405 1716 1481 1757 per
1496 1702 1629 1751 urbes,

503 1762 618 1803 Mens
633 1762 706 1815 pia
722 1763 980 1816 permandet,
1004 1776 1164 1817 semper
1180 1776 1324 1804 amare
1342 1762 1495 1803 Deum.

203 1852 247 1894 Si
280 1853 331 1893 ad
363 1854 506 1893 nostra
522 1854 714 1906 tempora
732 1853 904 1908 (quibus
928 1856 1096 1894 exortus
1113 1868 1244 1894 novus
1262 1852 1571 1904 Arrianismus)
1591 1852 1895 1903 descendimus,
1914 1867 2085 1907 compe-

144 1911 300 1953 riemus
332 1911 483 1952 nullibi
517 1911 756 1952 libertatem
791 1912 877 1953 illis
912 1927 1163 1957 concessam,
1199 1912 1354 1966 ubique
1379 1911 1517 1951 aditus
1536 1925 1678 1951 omnes
1697 1911 1951 1964 praeclusos.
1977 1914 2012 1952 l.
2036 1910 2086 1953 In

144 1970 322 2024 imperio
341 1969 602 2020 Germanico,
621 1970 694 2011 ubi
712 1985 843 2024 usque
860 1971 904 2011 in
923 1971 1034 2012 hunc
1052 1971 1162 2012 diem
1185 1971 1302 2012 nefas
1323 1972 1385 2011 est
1403 1969 1528 2010 libros
1546 1969 1733 2023 ipsorum
1747 1970 1915 2010 venales
1929 1970 2085 2012 inferre

145 2031 218 2070 aut
250 2043 470 2082 exponere,
504 2029 657 2070 nedum
692 2032 740 2070 ut
768 2030 845 2070 sub
868 2044 971 2083 pace
994 2029 1212 2084 religionis
1231 2028 1528 2082 comprehendi
1549 2028 1765 2082 potuerint
1815 2027 1926 2076 Quin
1944 2030 1973 2071 δι
1989 2029 2084 2070 Fri-

144 2086 306 2128 dericus
338 2087 509 2128 Elector
537 2087 756 2129 Palatinus
775 2089 925 2129 merito
948 2089 1082 2130 dictus
1103 2088 1200 2129 Pius
1219 2088 1556 2129 concionatorem
1575 2087 1783 2140 quendam
1802 2087 1970 2129 nomine
1989 2087 2084 2142 Syl-

144 2160 299 2187 vanum
330 2161 425 2187 cum
457 2145 690 2187 Sociniauis
722 2147 886 2188 occulta
925 2147 1098 2188 consilia
1128 2147 1366 2201 agitantem
1399 2146 1447 2186 de
1482 2144 1715 2186 Socinismo
1732 2145 1775 2186 in
1794 2144 2084 2188 Palatinatum

144 2204 443 2246 introducendo
462 2205 633 2258 capitali
651 2205 856 2259 supplicio
874 2206 1066 2259 subjecit.
1101 2207 1139 2246 2.
1174 2204 1222 2246 In
1241 2204 1400 2260 Magna
1418 2204 1639 2245 Britannia
1662 2204 1827 2244 nullum
1847 2204 1931 2245 illis
1946 2205 2084 2246 locum

146 2277 235 2305 esse
269 2263 417 2304 docent
449 2263 774 2305 contestationes
807 2263 1010 2306 Sereniss.
1045 2263 1175 2319 Regis
1197 2264 1346 2305 Jacobi
1374 2265 1522 2304 contra
1542 2262 1760 2304 Vorstium
1777 2263 1826 2303 de
1850 2261 2083 2305 Socinismo

145 2324 409 2376 suspectum;
428 2324 647 2375 praeterea
669 2323 924 2376 supplicium
941 2323 1027 2365 illic
1045 2326 1262 2377 sumptum
1285 2323 1333 2364 de
1354 2321 1601 2376 blasphemo
1623 2321 1819 2362 Arriano.
1855 2322 1894 2364 3.
1920 2322 1957 2363 A
1975 2322 2083 2364 Can-

144 2380 313 2422 tonibus
347 2379 578 2421 Helveticis
612 2379 871 2422 Reformatis
895 2397 966 2423 eos
990 2397 1073 2423 non
1090 2381 1276 2432 tolerari,
1300 2383 1347 2422 ut
1364 2395 1439 2422 nec
1458 2383 1482 2421 a
1499 2379 1680 2434 Republ.
1706 2379 1939 2422 Genevensi
1958 2381 2083 2422 fidem

143 2438 247 2480 facit
278 2438 532 2492 supplicium
565 2437 783 2479 Valentini
818 2438 1011 2489 Gentilis,
1045 2439 1221 2490 Sei-veti,
1240 2441 1269 2481 St
1288 2439 1527 2494 nuperrime
1547 2438 1763 2492 cujusdam
1781 2437 1957 2480 Antonii
1973 2455 2081 2481 anno

146 2498 271 2539 1633.
306 2496 498 2539 Genevae
531 2497 750 2538 combusti.
786 2499 826 2539 4.
859 2497 908 2539 In
942 2499 1130 2548 Polonia,
1164 2513 1258 2540 cum
1280 2498 1341 2539 ibi
1363 2497 1546 2552 primum
1568 2497 1814 2550 irreperent,
1841 2497 2021 2539 fideliter
2038 2499 2081 2541 in

144 2556 323 2610 publicis
355 2555 477 2610 regni
506 2555 685 2597 comitiis
719 2570 762 2597 se
785 2560 1073 2610 opposuerunt
1103 2557 1302 2599 Proceres
1321 2556 1609 2597 protestantes
1632 2557 1662 2597 δι
1684 2554 1944 2598 Reformati:
1964 2557 2035 2598 sed
2058 2559 2082 2599 a

141 2614 376 2656 Pontificiis
409 2629 534 2656 causa
566 2617 665 2655 tunc
697 2614 861 2655 deserta
889 2615 990 2657 fuit:
1016 2615 1097 2657 Sed
1119 2630 1228 2657 anno
1251 2615 1375 2656 1640.
1401 2613 1594 2656 nonnihil
1612 2616 1756 2655 contra
1779 2615 1943 2656 eosdem
1966 2614 2081 2657 Soci-

142 2673 289 2714 nianos
306 2673 463 2714 ibidem
479 2673 523 2713 in
540 2672 661 2728 regni
678 2672 858 2713 comitiis
878 2674 996 2729 [pag.
1021 2674 1128 2729 505]
1151 2675 1379 2715 decretum.
1416 2674 1454 2714 5.
1473 2671 1519 2713 In
1540 2671 1867 2726 Transsylvania
1886 2675 2079 2728 quamvis

144 2731 321 2772 antehac
351 2746 432 2772 non
454 2731 599 2785 paucis
616 2731 658 2771 in
681 2731 782 2772 locis
800 2731 1072 2780 obtinuerint,
1092 2732 1216 2773 hodie
1238 2735 1381 2773 tamen
1400 2733 1565 2772 tantum
1584 2731 1674 2785 agit
1690 2731 1844 2772 celsiss.
1878 2732 2078 2787 Princeps

143 2788 348 2832 Racocius
380 2790 631 2832 reformatae
648 2789 866 2844 religionis
884 2793 1096 2845 protector
1114 2790 1306 2841 eximius,
1325 2793 1371 2831 ut
1389 2805 1482 2832 cum
1500 2789 1590 2831 Deo
1609 2790 1860 2844 sperandum
1884 2791 1938 2833 sit
1955 2792 2079 2832 sicuti

1994 2864 2080 2905 Jam
