2399 3084
550 89 704 130 Disi‘.
739 87 1126 131 X11.D13Lu‹.·ss
1161 89 1616 134 ssrEoANontio.
1965 92 2050 134 355

167 213 206 267 ἓ.
225 212 265 254 2.
297 209 370 253 ΧΙ.
393 211 555 264 Quaesc.
590 210 656 253 An
675 211 894 266 Enanyelii
909 212 1205 266 promissiones
1222 213 1305 254 sinc
1322 213 1608 258 universales?
1642 214 1758 266 Resp.

171 272 208 311 1.
235 269 368 312 Conel.
402 269 447 311 Si
465 270 723 311 universales
741 270 853 311 dicas
878 270 1092 311 extensive
1114 271 1276 312 ratione
1294 271 1448 325 objecti
1471 272 1549 313 cui.
1587 273 1682 327 Ney.
1716 268 1922 311 Omnibus
1942 269 2053 312 enim

109 330 138 372 &
171 327 351 383 singulis
378 327 620 369 hominibus
643 343 725 369 non
745 331 842 369 sunt
860 327 998 370 factae
1017 329 1328 382 promissiones,
1349 345 1423 371 nec
1442 331 1635 371 omnibus
1654 329 1824 371 externe
1843 329 2054 371 revelatae

110 390 183 428 aut
203 386 458 441 propositae.

170 446 210 487 2.
235 446 368 487 Concl.
403 443 473 485 Sin
508 459 582 498 per
615 443 871 486 universales
903 444 1120 500 intelligas
1152 445 1385 487 abstractas
1418 448 1441 487 Ξι
1474 446 1672 501 subjectis
1692 443 1931 495 individuis,
1958 446 2054 502 Ney.

111 518 254 546 omnes
272 517 360 544 0330
379 502 649 544 universales.

168 560 264 603 XII.
287 562 448 615 Qicaest.
483 562 548 603 An
572 561 844 616 Euanyelizn'i
879 561 1022 603 habeat
1053 563 1426 604 comminationes?
1459 564 1579 617 Resp.
1613 561 1657 603 Si
1674 561 1843 616 proprie
1863 562 1891 603 &
1909 562 2054 603 stricte

113 621 283 671 dictum,
307 623 354 661 ut
387 620 597 674 disparate
614 619 717 675 Legi
735 620 973 674 opponitur,
991 620 1211 675 intelligiS,
1232 622 1327 676 Nep.
1362 620 1470 670 Quia
1487 622 1546 662 nil
1564 621 1749 662 continet
1772 619 1852 660 nisi
1876 620 2052 673 promis-

115 679 251 721 siones
284 678 462 719 foederis
495 678 681 733 gratiae;
715 680 744 721 &
776 678 873 719 111110
906 679 1074 732 proprio
1106 679 1273 720 nomine
1291 682 1387 720 ante
1411 679 1623 721 Christum
1644 679 1763 734 [pag.
1788 678 1865 732 35]
1889 691 2055 729 emeca>-

117 737 240 775 θέντα
274 737 501 778 vocabatur
532 735 776 785 ἑπκγγελίκ;
812 739 906 790 post
939 737 1170 778 revelatum
1203 737 1419 778 dicebatur
1438 738 1597 779 laetum
1622 737 1816 778 nuntium
1834 737 2049 790 (Enangye-

116 795 268 848 lium).·
285 795 404 848 atqui
421 809 495 836 nec
516 794 749 848 promissio,
769 809 843 836 nec
860 795 1019 836 laetum
1038 795 1232 836 nuntium
1255 795 1354 836 dicit
1372 798 1445 836 aut
1462 796 1591 837 habet
1613 794 1994 836 comminationem.

173 852 254 895 Sed
287 852 458 907 objiciat
492 852 585 907 quis
613 853 648 894 1.
680 852 823 907 Objeec.
859 853 992 907 Atqui
1021 868 1277 907 consequens
1297 869 1369 895 seu
1388 854 1582 896 effectum
1600 853 1825 907 Euangelii
1844 855 1906 893 est
1923 853 2053 893 incre-

115 913 307 954 dulorum
339 911 644 961 condemnatio,
666 916 685 950 1
711 912 798 952 loli.
820 913 858 952 3.
877 926 914 953 υ.
937 912 1003 953 18.
1024 912 1090 953 19.
1116 913 1182 952 35.
1219 913 1242 951 2
1270 913 1360 954 Cor.
1381 914 1419 953 2.
1438 927 1477 955 v.
1503 913 1565 953 16.
1591 913 1619 955 81
1638 912 1676 952 4.
1696 925 1731 952 υ.
1752 913 1790 951 3.
1816 911 1855 952 4.
1889 909 1934 951 Si
1954 924 2055 966 ergo

115 971 256 1021 habet,
289 972 363 1011 aut
379 972 473 1023 post
491 984 533 1011 se
555 970 689 1010 trahit
706 970 1107 1022 condemnationem,
1129 970 1259 1011 habet
1277 971 1403 1012 etiam
1423 970 1782 1012 comminationes.
1819 970 1937 1022 Resp.
1960 984 2056 1010 con-

116 1028 328 1070 demnatio
361 1043 443 1069 non
479 1031 541 1069 est
573 1028 769 1069 effectum
799 1028 1039 1083 Euangelii,
1072 1043 1146 1070 nec
1174 1029 1268 1070 finis
1297 1030 1447 1083 operis,
1465 1029 1546 1070 nisi
1564 1029 1687 1083 plane
1706 1042 1778 1082 per
1801 1027 2003 1078 accidens,
2027 1027 2056 1069 &

114 1087 341 1142 objective3
375 1089 583 1140 quatenus
606 1086 693 1128 scil.
712 1087 917 1128 increduli
934 1087 1218 1142 Euangelium
1235 1102 1318 1128 non
1341 1088 1570 1142 recipiunt:
1597 1087 1667 1128 sed
1685 1090 1747 1127 est
1766 1086 1861 1127 finis
1880 1100 2056 1139 operan-

114 1146 183 1197 tis,
202 1147 231 1188 8ι
248 1145 504 1186 intendentis
521 1145 615 1195 Dei,
635 1145 707 1198 qui
719 1145 832 1199 juste
850 1145 999 1199 punire
1016 1146 1167 1187 statuit
1185 1147 1215 1188 &
1231 1146 1353 1199 punit
1371 1148 1649 1187 contemtores
1667 1144 1912 1199 Euangelii;
1933 1144 2056 1197 idque

115 1205 341 1246 secundum
374 1203 741 1244 comminationem
758 1204 895 1258 ⁰legis,
929 1218 1036 1258 quae
1064 1204 1332 1245 maledictum
1351 1204 1597 1258 pronuntiat
1619 1207 1974 1257 transgressorem
1991 1203 2057 1243 vel

115 1263 238 1304 unius
255 1262 468 1316 praecepti
489 1261 652 1316 legalis.
688 1262 821 1316 Atqui
840 1262 1160 1316 transgreditur,
1182 1262 1255 1316 qui
1273 1277 1323 1303 ex
1341 1262 1599 1316 praescripto
1613 1261 1739 1315 primi
1752 1261 1963 1314 praecepti
1978 1261 2057 1301 fide

114 1322 157 1362 in
187 1320 326 1362 Deum
349 1335 432 1361 non
448 1320 594 1370 tendit,
615 1320 786 1375 ejusque
806 1321 935 1361 ullam
953 1321 1252 1362 revelationem
1270 1322 1298 1363 Sc
1317 1321 1539 1362 veritatem
1560 1320 1715 1376 (qualis
1738 1320 1847 1360 inter
1865 1319 1970 1360 alias
1995 1321 2057 1360 est

114 1379 390 1434 Euangelica)
408 1393 491 1419 11011
508 1378 671 1432 recipit.

174 1438 214 1479 2.
236 1437 382 1492 Objecc.
417 1438 531 1480 Rom..
551 1438 589 1477 2.
608 1450 649 1489 υ.
668 1437 732 1477 16.
762 1436 929 1478 Dicitur
952 1436 1064 1478 Deus
1077 1437 1340 1492 judicaturus
1360 1437 1587 1479 secundum
1603 1435 1902 1490 Euangelium.
1937 1436 2056 1490 Hesp.

114 1495 212 1537 Non
245 1496 353 1550 quod
375 1495 660 1550 Euangelium
694 1495 748 1536 sit
775 1495 872 1547 Lex,
897 1496 1122 1537 secundum
1145 1511 1273 1550 quam
1295 1496 1434 1537 omnia
1451 1498 1634 1550 peccata,
1656 1495 1784 1535 etiam
1809 1493 2055 1544 Gentilium,

115 1554 267 1608 quibus
285 1554 570 1608 Euangelium
587 1568 803 1607 nunquam
820 1554 1068 1605 revelatum,
1081 1555 1306 1609 Judicanda
1324 1555 1429 1595 sint:
1454 1554 1525 1595 sed
1543 1554 1653 1607 quod
1671 1553 1827 1594 revelet
1846 1553 1874 1594 a
1887 1552 2056 1605 quidem

115 1613 192 1653 sub
225 1612 362 1653 forma
392 1613 528 1654 laetae
560 1612 862 1665 promissionis,
894 1611 1052 1653 Christi
1083 1613 1292 1667 gloriosae
1326 1612 1594 1653 exaltationis
1618 1614 1876 1665 postremum
1899 1613 2053 1661 actum,

116 1671 202 1712 scil.
230 1670 434 1725 judicium
466 1670 714 1711 universale.
749 1669 857 1711 Vide
878 1673 999 1711 notas
1032 1670 1240 1725 Belgicas,
1266 1671 1452 1724 aliosque
1475 1672 1824 1711 commentatores
1842 1669 1894 1709 ad
1916 1669 2054 1709 locum

116 1729 200 1778 cit.,
234 1730 262 1771 81
281 1728 422 1769 confer
442 1728 673 1770 Calechesin
693 1735 849 1783 quaest.
867 1728 935 1773 52.
954 1743 1060 1782 quae
1079 1729 1156 1769 sub
1173 1729 1310 1770 forma
1326 1728 1627 1770 consolatoriae
1641 1726 1929 1782 promissionis
1943 1726 2054 1768 1111110

115 1787 339 1828 articulum
358 1786 643 1840 accipiendum
661 1787 793 1828 docet.

173 1844 291 1886 XIII.
332 1845 494 1896 inaesc.
528 1845 592 1886 An
610 1845 887 1899 Euan‘qelium
904 1844 1046 1887 habeat
1063 1846 1185 1887 eciam
1199 1845 1496 1900 promissiones
1519 1843 1791 1899 temporales?
1825 1844 1942 1897 Hesp.
1967 1844 1998 1884 A
2005 1846 2052 1899 ff.

116 1919 165 1945 ex
185 1905 326 1947 Genes.
353 1904 411 1943 15.
433 1918 469 1945 υ.
493 1903 527 1944 1.
549 1905 577 1945 81
600 1904 663 1944 17.
685 1917 718 1944 υ.
738 1905 777 1944 2.
795 1904 939 1945 Jerenz.
960 1905 1028 1944 32.
1048 1918 1084 1944 v.
1104 1904 1171 1944 29.
1192 1906 1260 1945 40.
1290 1903 1402 1952 Quas
1420 1903 1714 1958 promissiones
1735 1901 1864 1942 etiam
1881 1900 2050 1942 extendi

115 1963 166 2003 ad
195 1961 445 2016 temporalia
478 1962 530 2002 ad
562 1976 650 2002 esse
682 1977 766 2003 11011
798 1964 977 2013 tantum,
1012 1963 1084 2003 sed
1101 1962 1230 2003 etiam
1247 1963 1299 2003 ad
1317 1962 1420 2003 00110
1444 1976 1532 2003 0330
1550 1961 1677 2015 hujus
1699 1960 1824 2009 vitae,
1844 1962 2052 2013 quatenus

115 2021 240 2062 rebus
273 2020 563 2074 spiritualibus
594 2020 840 2069 inserviunt,
873 2019 1111 2075 colligimus
1145 2035 1194 2061 ex
1225 2021 1375 2061 effectu
1409 2035 1482 2061 seu
1500 2019 1742 2073 impletione
1760 2018 1936 2058 istarum
1956 2032 2052 2071 pro-

115 2079 362 2120 missionum
380 2078 420 2119 in
439 2078 647 2129 fidelibus,
668 2080 691 2118 2
715 2079 824 2121 Petr.
848 2079 883 2119 1.
900 2093 936 2120 v.
958 2079 996 2119 3.
1017 2079 1175 2120 Deinde
1192 2079 1396 2132 probatur
1414 2093 1463 2119 ex
1484 2078 1623 2119 Manli.
1645 2079 1685 2118 5.
1704 2091 1738 2117 υ.
1763 2078 1795 2118 l.
1818 2076 1933 2129 atqui
1953 2077 2053 2117 bea-

115 2137 251 2178 titudo
268 2140 362 2191 post
381 2137 544 2191 lapsum
560 2137 691 2188 nulla,
708 2137 790 2178 nisi
804 2137 1076 2192 Euangelica,
1096 2152 1202 2191 quae
1213 2137 1380 2191 proprie
1393 2137 1504 2177 salus
1519 2139 1581 2176 est
1595 2137 1623 2178 &
1637 2150 1709 2189 per
1723 2134 2051 2188 redemptionem

117 2195 287 2246 Christi,
311 2210 501 2249 quaeque
518 2210 599 2235 non
617 2194 728 2250 Lege
746 2196 817 2236 sed
833 2195 1069 2250 Euangelio
1086 2196 1310 2246 revelatur,
1328 2199 1357 2234 81
1374 2195 1636 2236 credentibus
1654 2192 1915 2246 promittitur
1932 2193 2049 2235 Rom.

118 2254 155 2295 l.
178 2268 202 2295 υ
242 2254 308 2294 16.
338 2254 366 2295 81
390 2254 427 2294 8.
451 2268 487 2294 v.
507 2254 544 2294 3.
580 2255 616 2293 3.
637 2254 825 2309 Denique
842 2254 1055 2308 probatur,
1078 2254 1176 2308 quia
1193 2269 1267 2307 per
1285 2253 1499 2294 Christum
1522 2252 1795 2293 mediatorem
1813 2250 2044 2291 dominium

115 2313 145 2354 &
172 2312 240 2365 jus
272 2312 570 2365 temporalium
604 2312 664 2365 (in
696 2312 786 2353 foro
819 2312 905 2366 poli
931 2312 1018 2353 scil.
1052 2327 1123 2353 seu
1157 2311 1345 2353 interiori
1369 2310 1664 2363 conscientiae)
1687 2309 1938 2359 restituitur,
1961 2308 2049 2351 &in

116 2370 420 2424 possessionem
437 2384 592 2420 eorum,
618 2371 724 2411 unde
742 2370 1026 2411 excideramus
1049 2385 1122 2424 per
1144 2373 1374 2424 peccatum,
1393 2370 1527 2410 denuo
1551 2368 1758 2409 mittimur
1783 2368 1802 2407 1
1834 2366 1924 2409 Cor.
1949 2367 1986 2407 3.
2010 2381 2046 2408 v.

115 2429 189 2471 ult.
218 2430 235 2468 1
270 2428 443 2470 Timollz.
470 2429 506 2468 ·-1.
530 2442 566 2469 υ.
587 2429 611 2468 3
649 2429 688 2469 4.
728 2429 800 2470 Tic.
825 2430 861 2470 1.
878 2443 914 2470 υ.
938 2429 1002 2469 15.
1038 2429 1169 2482 Atqui
1191 2428 1330 2469 onmia
1349 2427 1548 2468 beneficia
1566 2441 1639 2481 per
1656 2426 1869 2467 Christum
1891 2425 2047 2466 media-

118 2490 253 2527 torem
271 2488 354 2540 quii
370 2487 499 2527 talem
520 2486 693 2527 obtenta
714 2490 740 2526 ἃ
759 2487 998 2536 obtinenda,
1016 2501 1097 2527 non
1115 2486 1225 2541 Lege
1244 2487 1316 2527 sed
1337 2485 1573 2540 Euangelio
1591 2483 1905 2539 promittuntur.

175 2544 290 2585 XIV.
328 2545 491 2597 Quaesl.
525 2544 593 2586 An
624 2545 900 2599 Enanqelinni
922 2545 1170 2586 naturaliter
1185 2552 1329 2586 notum
1348 2545 1411 2594 sic,
1435 2552 1508 2585 αιιι
1525 2557 1607 2584 esse
1620 2542 1761 2597 possit.
1797 2542 1915 2595 Resp.
1951 2542 2046 2596 Neq.

118 2602 226 2652 Quia
252 2617 333 2643 non
367 2602 553 2644 continet
571 2603 789 2643 materiam
803 2603 909 2656 juris
928 2603 1058 2643 divini
1075 2603 1293 2653 naturalis,
1313 2603 1428 2656 cujus
1448 2601 1631 2656 cognitio
1648 2599 1809 2641 homini
1825 2614 1918 2640 cum
1940 2614 2049 2641 crea-

117 2661 230 2702 tione
260 2661 405 2709 indita,
434 2661 633 2714 cujusque
665 2661 870 2714 principia
900 2661 1041 2714 aliqua
1072 2660 1237 2702 residua
1259 2663 1354 2714 post
1372 2660 1550 2714 lapsum,
1570 2659 1687 2714 [pag.
1708 2657 1784 2713 36]
1803 2657 1846 2698 111
1863 2658 2048 2699 tenebris

118 2719 253 2761 adhuc
284 2719 425 2760 lucent
457 2734 503 2760 ac
535 2719 792 2760 scintillant:
824 2719 895 2760 sed
931 2718 1116 2760 continet
1137 2718 1358 2759 materiam
1375 2718 1470 2758 novi
1492 2718 1592 2758 facti
1610 2720 1704 2771 post
1726 2716 1890 2770 lapsum
1914 2717 2048 2757 denuo

117 2777 305 2828 revelati,
327 2777 404 2820 hoc
422 2780 496 2828 est,
520 2778 674 2820 laetam
696 2776 931 2828 historiam,
950 2777 1209 2829 relationem,
1228 2777 1258 2818 &
1275 2776 1469 2818 nuntium
1485 2775 1581 2817 novi
1599 2774 1794 2825 foederis,
1812 2774 1921 2829 quod
1933 2773 2046 2815 Deus

1975 2846 2049 2886 1³01·
