<?xml version="1.0" encoding="UTF-8"?>
<!DOCTYPE html PUBLIC "-//W3C//DTD XHTML 1.0 Transitional//EN"
    "http://www.w3.org/TR/xhtml1/DTD/xhtml1-transitional.dtd">
<html xmlns="http://www.w3.org/1999/xhtml" xml:lang="en" lang="en">
 <head>
  <title>
</title>
<meta http-equiv="Content-Type" content="text/html;charset=utf-8" />
  <meta name='ocr-system' content='tesseract 3.04.00' />
  <meta name='ocr-capabilities' content='ocr_page ocr_carea ocr_par ocr_line ocrx_word'/>
</head>
<body>
  <div class='ocr_page' id='page_1' title='image "./gysbertivoetiise00voet/gysbertivoetiise00voet_0035.png"; bbox 0 0 2399 3084; ppageno 0'>
   <div class='ocr_carea' id='block_1_1' title="bbox 846 77 2111 121">
    <p class='ocr_par' dir='ltr' id='par_1_1' title="bbox 846 77 2111 121">
     <span class='ocr_line' id='line_1_1' title="bbox 846 77 2111 121; baseline 0.002 -2"><span class='ocrx_word' id='word_1_1' title='bbox 846 92 898 119; x_wconf 75' lang='lat' dir='ltr'>IN</span> <span class='ocrx_word' id='word_1_2' title='bbox 945 77 1138 119; x_wconf 64' lang='lat' dir='ltr'>Rrssus</span> <span class='ocrx_word' id='word_1_3' title='bbox 1188 77 1373 119; x_wconf 70' lang='lat' dir='ltr'>Finsi.</span> <span class='ocrx_word' id='word_1_4' title='bbox 2055 82 2111 121; x_wconf 42' lang='lat'>7⁷</span> 
     </span>
    </p>
   </div>
   <div class='ocr_carea' id='block_1_2' title="bbox 124 201 2080 2781">
    <p class='ocr_par' dir='ltr' id='par_1_2' title="bbox 124 201 2080 2781">
     <span class='ocr_line' id='line_1_2' title="bbox 138 201 2078 257; baseline 0.001 -14"><span class='ocrx_word' id='word_1_5' title='bbox 138 203 261 256; x_wconf 85' lang='lat' dir='ltr'>patri,</span> <span class='ocrx_word' id='word_1_6' title='bbox 284 203 388 244; x_wconf 87' lang='lat' dir='ltr'>duae</span> <span class='ocrx_word' id='word_1_7' title='bbox 406 205 579 244; x_wconf 87' lang='lat' dir='ltr'>naturae</span> <span class='ocrx_word' id='word_1_8' title='bbox 602 203 644 243; x_wconf 92' lang='lat' dir='ltr'>in</span> <span class='ocrx_word' id='word_1_9' title='bbox 664 217 745 243; x_wconf 83' lang='lat' dir='ltr'>una</span> <span class='ocrx_word' id='word_1_10' title='bbox 763 216 938 255; x_wconf 87' lang='lat' dir='ltr'>persona</span> <span class='ocrx_word' id='word_1_11' title='bbox 957 201 1114 243; x_wconf 80' lang='lat' dir='ltr'>Christi</span> <span class='ocrx_word' id='word_1_12' title='bbox 1132 201 1425 251; x_wconf 70' lang='lat' dir='ltr'>essentialiter,</span> <span class='ocrx_word' id='word_1_13' title='bbox 1449 201 1665 243; x_wconf 74' lang='lat' dir='ltr'>inconfuse</span> <span class='ocrx_word' id='word_1_14' title='bbox 1684 203 1751 245; x_wconf 85' lang='grc'>810.</span> <span class='ocrx_word' id='word_1_15' title='bbox 1769 216 1869 257; x_wconf 83' lang='lat' dir='ltr'>ergo</span> <span class='ocrx_word' id='word_1_16' title='bbox 1889 217 1963 257; x_wconf 86' lang='lat' dir='ltr'>per</span> <span class='ocrx_word' id='word_1_17' title='bbox 1979 219 2078 245; x_wconf 90' lang='lat' dir='ltr'>con-</span> 
     </span>
     <span class='ocr_line' id='line_1_3' title="bbox 136 259 2078 315; baseline 0.002 -14"><span class='ocrx_word' id='word_1_18' title='bbox 136 261 397 315; x_wconf 72' lang='lat' dir='ltr'>sequentiam</span> <span class='ocrx_word' id='word_1_19' title='bbox 431 261 523 301; x_wconf 87' lang='lat' dir='ltr'>inde</span> <span class='ocrx_word' id='word_1_20' title='bbox 557 260 766 302; x_wconf 81' lang='lat' dir='ltr'>educenda</span> <span class='ocrx_word' id='word_1_21' title='bbox 798 264 907 302; x_wconf 86' lang='lat' dir='ltr'>sunt.</span> <span class='ocrx_word' id='word_1_22' title='bbox 942 259 994 302; x_wconf 90' lang='lat' dir='ltr'>V.</span> <span class='ocrx_word' id='word_1_23' title='bbox 1028 260 1093 301; x_wconf 82' lang='lat' dir='ltr'>Ex</span> <span class='ocrx_word' id='word_1_24' title='bbox 1127 262 1278 300; x_wconf 86' lang='lat' dir='ltr'>natura</span> <span class='ocrx_word' id='word_1_25' title='bbox 1312 260 1584 301; x_wconf 86' lang='lat' dir='ltr'>articulorum</span> <span class='ocrx_word' id='word_1_26' title='bbox 1606 276 1679 302; x_wconf 86' lang='lat' dir='ltr'>seu</span> <span class='ocrx_word' id='word_1_27' title='bbox 1698 260 1945 315; x_wconf 82' lang='lat' dir='ltr'>dogmatum</span> <span class='ocrx_word' id='word_1_28' title='bbox 1964 262 2078 304; x_wconf 88' lang='lat' dir='ltr'>fidei.</span> 
     </span>
     <span class='ocr_line' id='line_1_4' title="bbox 136 318 2076 374; baseline 0.001 -14"><span class='ocrx_word' id='word_1_29' title='bbox 136 318 243 360; x_wconf 84' lang='lat' dir='ltr'>Sunt</span> <span class='ocrx_word' id='word_1_30' title='bbox 265 319 376 360; x_wconf 86' lang='lat' dir='ltr'>enim</span> <span class='ocrx_word' id='word_1_31' title='bbox 392 321 421 361; x_wconf 87' lang='grc'>81</span> <span class='ocrx_word' id='word_1_32' title='bbox 439 321 548 360; x_wconf 74' lang='lat' dir='ltr'>recte</span> <span class='ocrx_word' id='word_1_33' title='bbox 566 320 759 361; x_wconf 79' lang='lat' dir='ltr'>dicuntur</span> <span class='ocrx_word' id='word_1_34' title='bbox 781 319 1084 368; x_wconf 70' lang='lat' dir='ltr'>conclusiones,</span> <span class='ocrx_word' id='word_1_35' title='bbox 1109 321 1152 359; x_wconf 88' lang='lat' dir='ltr'>at</span> <span class='ocrx_word' id='word_1_36' title='bbox 1170 318 1267 359; x_wconf 83' lang='lat' dir='ltr'>illae</span> <span class='ocrx_word' id='word_1_37' title='bbox 1285 318 1509 359; x_wconf 86' lang='lat' dir='ltr'>eliciuntur</span> <span class='ocrx_word' id='word_1_38' title='bbox 1523 319 1650 360; x_wconf 85' lang='lat' dir='ltr'>etiam</span> <span class='ocrx_word' id='word_1_39' title='bbox 1669 334 1743 373; x_wconf 88' lang='lat' dir='ltr'>per</span> <span class='ocrx_word' id='word_1_40' title='bbox 1756 323 2076 374; x_wconf 74' lang='lat' dir='ltr'>consequentias</span> 
     </span>
     <span class='ocr_line' id='line_1_5' title="bbox 137 377 2078 432; baseline 0.001 -13"><span class='ocrx_word' id='word_1_41' title='bbox 137 393 186 419; x_wconf 87' lang='lat' dir='ltr'>ex</span> <span class='ocrx_word' id='word_1_42' title='bbox 209 378 294 419; x_wconf 79' lang='lat' dir='ltr'>suis</span> <span class='ocrx_word' id='word_1_43' title='bbox 312 378 544 431; x_wconf 72' lang='lat' dir='ltr'>principiis,</span> <span class='ocrx_word' id='word_1_44' title='bbox 563 378 605 418; x_wconf 91' lang='lat' dir='ltr'>in</span> <span class='ocrx_word' id='word_1_45' title='bbox 624 378 776 432; x_wconf 81' lang='lat' dir='ltr'>quibus</span> <span class='ocrx_word' id='word_1_46' title='bbox 794 378 982 432; x_wconf 70' lang='lat' dir='ltr'>potentia</span> <span class='ocrx_word' id='word_1_47' title='bbox 1005 377 1033 419; x_wconf 88' lang='grc'>81</span> <span class='ocrx_word' id='word_1_48' title='bbox 1051 377 1207 419; x_wconf 88' lang='lat' dir='ltr'>virtute</span> <span class='ocrx_word' id='word_1_49' title='bbox 1227 377 1511 418; x_wconf 87' lang='lat' dir='ltr'>continentur:</span> <span class='ocrx_word' id='word_1_50' title='bbox 1532 392 1638 431; x_wconf 84' lang='lat' dir='ltr'>quae</span> <span class='ocrx_word' id='word_1_51' title='bbox 1658 391 1758 432; x_wconf 85' lang='lat' dir='ltr'>ergo</span> <span class='ocrx_word' id='word_1_52' title='bbox 1781 380 1844 419; x_wconf 87' lang='lat' dir='ltr'>est</span> <span class='ocrx_word' id='word_1_53' title='bbox 1861 378 1968 420; x_wconf 87' lang='lat' dir='ltr'>ratio</span> <span class='ocrx_word' id='word_1_54' title='bbox 1988 394 2078 420; x_wconf 90' lang='lat' dir='ltr'>om-</span> 
     </span>
     <span class='ocr_line' id='line_1_6' title="bbox 136 435 2080 491; baseline 0.001 -14"><span class='ocrx_word' id='word_1_55' title='bbox 136 437 253 477; x_wconf 88' lang='lat' dir='ltr'>nium</span> <span class='ocrx_word' id='word_1_56' title='bbox 276 436 590 490; x_wconf 82' lang='lat' dir='ltr'>principiorum,</span> <span class='ocrx_word' id='word_1_57' title='bbox 609 437 880 488; x_wconf 79' lang='lat' dir='ltr'>axioniatum,</span> <span class='ocrx_word' id='word_1_58' title='bbox 902 438 930 479; x_wconf 76' lang='lat'>&amp;</span> <span class='ocrx_word' id='word_1_59' title='bbox 948 437 1089 491; x_wconf 74' lang='lat' dir='ltr'>legum</span> <span class='ocrx_word' id='word_1_60' title='bbox 1107 436 1150 476; x_wconf 92' lang='lat' dir='ltr'>in</span> <span class='ocrx_word' id='word_1_61' title='bbox 1168 435 1422 488; x_wconf 75' lang='lat' dir='ltr'>theoreticis,</span> <span class='ocrx_word' id='word_1_62' title='bbox 1444 439 1472 475; x_wconf 81' lang='grc'>81</span> <span class='ocrx_word' id='word_1_63' title='bbox 1490 436 1684 490; x_wconf 75' lang='lat' dir='ltr'>politicis,</span> <span class='ocrx_word' id='word_1_64' title='bbox 1710 436 1854 478; x_wconf 86' lang='lat' dir='ltr'>eadem</span> <span class='ocrx_word' id='word_1_65' title='bbox 1872 437 2000 478; x_wconf 89' lang='lat' dir='ltr'>etiam</span> <span class='ocrx_word' id='word_1_66' title='bbox 2016 441 2080 480; x_wconf 88' lang='lat' dir='ltr'>est</span> 
     </span>
     <span class='ocr_line' id='line_1_7' title="bbox 136 494 2079 549; baseline 0.001 -13"><span class='ocrx_word' id='word_1_67' title='bbox 136 496 252 536; x_wconf 78' lang='lat' dir='ltr'>verbi</span> <span class='ocrx_word' id='word_1_68' title='bbox 275 495 405 536; x_wconf 84' lang='lat' dir='ltr'>divini</span> <span class='ocrx_word' id='word_1_69' title='bbox 420 511 428 544; x_wconf 87' lang='lat'>;</span> <span class='ocrx_word' id='word_1_70' title='bbox 448 496 563 549; x_wconf 87' lang='lat' dir='ltr'>atqui</span> <span class='ocrx_word' id='word_1_71' title='bbox 582 495 641 536; x_wconf 83' lang='lat' dir='ltr'>ibi</span> <span class='ocrx_word' id='word_1_72' title='bbox 659 511 708 536; x_wconf 79' lang='lat' dir='ltr'>ex</span> <span class='ocrx_word' id='word_1_73' title='bbox 726 495 863 536; x_wconf 86' lang='lat' dir='ltr'>verbis</span> <span class='ocrx_word' id='word_1_74' title='bbox 881 510 963 536; x_wconf 91' lang='grc'>11011</span> <span class='ocrx_word' id='word_1_75' title='bbox 980 497 1146 536; x_wconf 85' lang='lat' dir='ltr'>tantum</span> <span class='ocrx_word' id='word_1_76' title='bbox 1164 494 1235 535; x_wconf 88' lang='lat' dir='ltr'>sed</span> <span class='ocrx_word' id='word_1_77' title='bbox 1254 495 1382 535; x_wconf 88' lang='lat' dir='ltr'>etiam</span> <span class='ocrx_word' id='word_1_78' title='bbox 1399 510 1449 536; x_wconf 87' lang='lat' dir='ltr'>ex</span> <span class='ocrx_word' id='word_1_79' title='bbox 1467 509 1591 536; x_wconf 85' lang='lat' dir='ltr'>sensu</span> <span class='ocrx_word' id='word_1_80' title='bbox 1608 509 1682 548; x_wconf 88' lang='lat' dir='ltr'>per</span> <span class='ocrx_word' id='word_1_81' title='bbox 1699 495 1933 536; x_wconf 80' lang='lat' dir='ltr'>evidentem</span> <span class='ocrx_word' id='word_1_82' title='bbox 1949 497 2079 538; x_wconf 86' lang='lat' dir='ltr'>ratio·</span> 
     </span>
     <span class='ocr_line' id='line_1_8' title="bbox 136 551 2077 608; baseline 0.002 -14"><span class='ocrx_word' id='word_1_83' title='bbox 136 569 232 595; x_wconf 91' lang='lat' dir='ltr'>nem</span> <span class='ocrx_word' id='word_1_84' title='bbox 249 554 278 596; x_wconf 92' lang='grc'>81</span> <span class='ocrx_word' id='word_1_85' title='bbox 295 554 636 608; x_wconf 87' lang='lat' dir='ltr'>consequentiam</span> <span class='ocrx_word' id='word_1_86' title='bbox 659 554 819 608; x_wconf 85' lang='lat' dir='ltr'>aliquid</span> <span class='ocrx_word' id='word_1_87' title='bbox 835 554 1036 595; x_wconf 70' lang='lat' dir='ltr'>statuitur</span> <span class='ocrx_word' id='word_1_88' title='bbox 1053 553 1082 594; x_wconf 83' lang='grc'>81</span> <span class='ocrx_word' id='word_1_89' title='bbox 1104 552 1364 606; x_wconf 86' lang='lat' dir='ltr'>dijudicatur.</span> <span class='ocrx_word' id='word_1_90' title='bbox 1397 552 1472 594; x_wconf 89' lang='lat' dir='ltr'>VI.</span> <span class='ocrx_word' id='word_1_91' title='bbox 1507 551 1614 602; x_wconf 77' lang='lat' dir='ltr'>Quia</span> <span class='ocrx_word' id='word_1_92' title='bbox 1631 553 1749 594; x_wconf 89' lang='lat' dir='ltr'>nulla</span> <span class='ocrx_word' id='word_1_93' title='bbox 1766 553 1995 607; x_wconf 89' lang='lat' dir='ltr'>disputatio</span> <span class='ocrx_word' id='word_1_94' title='bbox 2014 557 2077 597; x_wconf 81' lang='lat' dir='ltr'>est</span> 
     </span>
     <span class='ocr_line' id='line_1_9' title="bbox 135 611 2077 667; baseline 0.001 -13"><span class='ocrx_word' id='word_1_95' title='bbox 135 612 292 667; x_wconf 77' lang='lat' dir='ltr'>absque</span> <span class='ocrx_word' id='word_1_96' title='bbox 325 612 497 654; x_wconf 78' lang='lat' dir='ltr'>elencho</span> <span class='ocrx_word' id='word_1_97' title='bbox 527 614 556 656; x_wconf 88' lang='grc'>81</span> <span class='ocrx_word' id='word_1_98' title='bbox 582 613 921 663; x_wconf 79' lang='lat' dir='ltr'>contradictione,</span> <span class='ocrx_word' id='word_1_99' title='bbox 950 613 1114 653; x_wconf 88' lang='lat' dir='ltr'>nullum</span> <span class='ocrx_word' id='word_1_100' title='bbox 1132 614 1273 653; x_wconf 86' lang='lat' dir='ltr'>autem</span> <span class='ocrx_word' id='word_1_101' title='bbox 1291 612 1339 653; x_wconf 94' lang='lat' dir='ltr'>de</span> <span class='ocrx_word' id='word_1_102' title='bbox 1357 611 1682 653; x_wconf 82' lang='lat' dir='ltr'>contradictione</span> <span class='ocrx_word' id='word_1_103' title='bbox 1696 611 1900 665; x_wconf 86' lang='lat' dir='ltr'>judicium</span> <span class='ocrx_word' id='word_1_104' title='bbox 1919 612 2077 667; x_wconf 86' lang='lat' dir='ltr'>absque</span> 
     </span>
     <span class='ocr_line' id='line_1_10' title="bbox 134 670 2074 726; baseline 0.001 -15"><span class='ocrx_word' id='word_1_105' title='bbox 134 672 292 726; x_wconf 80' lang='lat' dir='ltr'>regulis</span> <span class='ocrx_word' id='word_1_106' title='bbox 310 672 715 725; x_wconf 76' lang='lat' dir='ltr'>consequentiarum,</span> <span class='ocrx_word' id='word_1_107' title='bbox 739 672 895 725; x_wconf 78' lang='lat' dir='ltr'>absque</span> <span class='ocrx_word' id='word_1_108' title='bbox 914 671 1130 725; x_wconf 82' lang='lat' dir='ltr'>principiis</span> <span class='ocrx_word' id='word_1_109' title='bbox 1152 670 1341 722; x_wconf 88' lang='lat' dir='ltr'>rationis,</span> <span class='ocrx_word' id='word_1_110' title='bbox 1361 686 1467 724; x_wconf 83' lang='lat' dir='ltr'>quae</span> <span class='ocrx_word' id='word_1_111' title='bbox 1481 673 1505 712; x_wconf 75' lang='grc' dir='ltr'>Ξ1</span> <span class='ocrx_word' id='word_1_112' title='bbox 1522 670 1612 712; x_wconf 88' lang='lat' dir='ltr'>Deo</span> <span class='ocrx_word' id='word_1_113' title='bbox 1630 672 1727 712; x_wconf 89' lang='lat' dir='ltr'>sunt</span> <span class='ocrx_word' id='word_1_114' title='bbox 1745 685 1826 711; x_wconf 89' lang='lat' dir='ltr'>non</span> <span class='ocrx_word' id='word_1_115' title='bbox 1840 670 1891 711; x_wconf 87' lang='lat' dir='ltr'>ab</span> <span class='ocrx_word' id='word_1_116' title='bbox 1905 670 2074 714; x_wconf 88' lang='lat' dir='ltr'>homine</span> 
     </span>
     <span class='ocr_line' id='line_1_11' title="bbox 134 725 2077 784; baseline 0.001 -13"><span class='ocrx_word' id='word_1_117' title='bbox 134 730 221 771; x_wconf 83' lang='lat' dir='ltr'>sive</span> <span class='ocrx_word' id='word_1_118' title='bbox 250 725 493 781; x_wconf 85' lang='lat' dir='ltr'>Aristotele,</span> <span class='ocrx_word' id='word_1_119' title='bbox 522 731 608 771; x_wconf 87' lang='lat' dir='ltr'>sive</span> <span class='ocrx_word' id='word_1_120' title='bbox 636 730 732 780; x_wconf 86' lang='lat' dir='ltr'>alio,</span> <span class='ocrx_word' id='word_1_121' title='bbox 760 746 843 771; x_wconf 90' lang='lat' dir='ltr'>non</span> <span class='ocrx_word' id='word_1_122' title='bbox 866 730 1002 784; x_wconf 76' lang='lat' dir='ltr'>magis</span> <span class='ocrx_word' id='word_1_123' title='bbox 1031 744 1158 783; x_wconf 88' lang='lat' dir='ltr'>quam</span> <span class='ocrx_word' id='word_1_124' title='bbox 1180 744 1279 770; x_wconf 89' lang='lat' dir='ltr'>usus</span> <span class='ocrx_word' id='word_1_125' title='bbox 1296 729 1460 770; x_wconf 87' lang='lat' dir='ltr'>aurium</span> <span class='ocrx_word' id='word_1_126' title='bbox 1480 729 1587 784; x_wconf 88' lang='lat' dir='ltr'>(sine</span> <span class='ocrx_word' id='word_1_127' title='bbox 1606 744 1687 783; x_wconf 90' lang='lat' dir='ltr'>quo</span> <span class='ocrx_word' id='word_1_128' title='bbox 1709 743 1784 770; x_wconf 88' lang='lat' dir='ltr'>nec</span> <span class='ocrx_word' id='word_1_129' title='bbox 1806 729 1907 771; x_wconf 87' lang='lat' dir='ltr'>fides</span> <span class='ocrx_word' id='word_1_130' title='bbox 1929 729 2077 772; x_wconf 87' lang='lat' dir='ltr'>haberi</span> 
     </span>
     <span class='ocr_line' id='line_1_12' title="bbox 135 787 2076 842; baseline 0.001 -13"><span class='ocrx_word' id='word_1_131' title='bbox 135 804 210 830; x_wconf 88' lang='lat' dir='ltr'>nec</span> <span class='ocrx_word' id='word_1_132' title='bbox 238 791 382 830; x_wconf 85' lang='lat' dir='ltr'>contra</span> <span class='ocrx_word' id='word_1_133' title='bbox 408 789 602 830; x_wconf 80' lang='lat' dir='ltr'>haereses</span> <span class='ocrx_word' id='word_1_134' title='bbox 627 788 792 830; x_wconf 87' lang='lat' dir='ltr'>defendi</span> <span class='ocrx_word' id='word_1_135' title='bbox 824 789 980 842; x_wconf 87' lang='lat' dir='ltr'>potest)</span> <span class='ocrx_word' id='word_1_136' title='bbox 1005 789 1057 829; x_wconf 83' lang='lat' dir='ltr'>ab</span> <span class='ocrx_word' id='word_1_137' title='bbox 1078 787 1307 829; x_wconf 87' lang='lat' dir='ltr'>Aristotele</span> <span class='ocrx_word' id='word_1_138' title='bbox 1325 791 1400 829; x_wconf 87' lang='lat' dir='ltr'>est.</span> <span class='ocrx_word' id='word_1_139' title='bbox 1434 787 1531 829; x_wconf 89' lang='lat' dir='ltr'>VII.</span> <span class='ocrx_word' id='word_1_140' title='bbox 1565 787 1630 829; x_wconf 86' lang='lat' dir='ltr'>Ex</span> <span class='ocrx_word' id='word_1_141' title='bbox 1648 788 1858 829; x_wconf 89' lang='lat' dir='ltr'>communi</span> <span class='ocrx_word' id='word_1_142' title='bbox 1875 803 2076 831; x_wconf 88' lang='lat' dir='ltr'>consensu</span> 
     </span>
     <span class='ocr_line' id='line_1_13' title="bbox 135 846 2075 902; baseline 0.001 -14"><span class='ocrx_word' id='word_1_143' title='bbox 135 849 164 890; x_wconf 98' lang='grc'>81</span> <span class='ocrx_word' id='word_1_144' title='bbox 195 848 315 901; x_wconf 81' lang='lat' dir='ltr'>praxi</span> <span class='ocrx_word' id='word_1_145' title='bbox 336 850 518 901; x_wconf 87' lang='lat' dir='ltr'>patrum,</span> <span class='ocrx_word' id='word_1_146' title='bbox 537 847 821 897; x_wconf 89' lang='lat' dir='ltr'>conciliorum,</span> <span class='ocrx_word' id='word_1_147' title='bbox 841 846 1199 895; x_wconf 87' lang='lat' dir='ltr'>scholasticorum,</span> <span class='ocrx_word' id='word_1_148' title='bbox 1219 847 1348 888; x_wconf 87' lang='lat' dir='ltr'>etiam</span> <span class='ocrx_word' id='word_1_149' title='bbox 1365 847 1644 888; x_wconf 88' lang='lat' dir='ltr'>recentiorum</span> <span class='ocrx_word' id='word_1_150' title='bbox 1662 846 1985 901; x_wconf 86' lang='lat' dir='ltr'>pontificiorum,</span> <span class='ocrx_word' id='word_1_151' title='bbox 2003 848 2075 902; x_wconf 89' lang='lat' dir='ltr'>qui</span> 
     </span>
     <span class='ocr_line' id='line_1_14' title="bbox 134 905 2075 960; baseline 0.001 -14"><span class='ocrx_word' id='word_1_152' title='bbox 134 906 296 957; x_wconf 83' lang='lat' dir='ltr'>atheos,</span> <span class='ocrx_word' id='word_1_153' title='bbox 331 906 524 960; x_wconf 80' lang='lat' dir='ltr'>gentiles,</span> <span class='ocrx_word' id='word_1_154' title='bbox 539 906 726 959; x_wconf 85' lang='lat' dir='ltr'>judaeos,</span> <span class='ocrx_word' id='word_1_155' title='bbox 745 906 992 956; x_wconf 83' lang='lat' dir='ltr'>haereticos,</span> <span class='ocrx_word' id='word_1_156' title='bbox 1012 905 1270 946; x_wconf 84' lang='lat' dir='ltr'>adversarios</span> <span class='ocrx_word' id='word_1_157' title='bbox 1290 920 1558 960; x_wconf 85' lang='lat' dir='ltr'>quoscunque</span> <span class='ocrx_word' id='word_1_158' title='bbox 1577 905 1779 947; x_wconf 84' lang='lat' dir='ltr'>hactenus</span> <span class='ocrx_word' id='word_1_159' title='bbox 1798 905 1990 947; x_wconf 86' lang='lat' dir='ltr'>adhibita</span> <span class='ocrx_word' id='word_1_160' title='bbox 2007 921 2075 948; x_wconf 89' lang='lat' dir='ltr'>ra-</span> 
     </span>
     <span class='ocr_line' id='line_1_15' title="bbox 134 964 2075 1020; baseline 0.001 -15"><span class='ocrx_word' id='word_1_161' title='bbox 134 964 403 1006; x_wconf 87' lang='lat' dir='ltr'>tiocinatione</span> <span class='ocrx_word' id='word_1_162' title='bbox 421 966 450 1007; x_wconf 87' lang='grc'>81</span> <span class='ocrx_word' id='word_1_163' title='bbox 467 964 775 1018; x_wconf 86' lang='lat' dir='ltr'>consequentiis</span> <span class='ocrx_word' id='word_1_164' title='bbox 797 964 1056 1005; x_wconf 68' lang='lat' dir='ltr'>refutarunt:</span> <span class='ocrx_word' id='word_1_165' title='bbox 1078 964 1287 1005; x_wconf 86' lang='lat' dir='ltr'>contraria</span> <span class='ocrx_word' id='word_1_166' title='bbox 1305 964 1515 1006; x_wconf 82' lang='lat' dir='ltr'>sententia</span> <span class='ocrx_word' id='word_1_167' title='bbox 1533 964 1652 1020; x_wconf 82' lang='lat' dir='ltr'>[pag.</span> <span class='ocrx_word' id='word_1_168' title='bbox 1672 964 1718 1019; x_wconf 77' lang='lat'>9]</span> <span class='ocrx_word' id='word_1_169' title='bbox 1738 964 1768 1006; x_wconf 85' lang='grc'>81</span> <span class='ocrx_word' id='word_1_170' title='bbox 1779 964 1934 1017; x_wconf 82' lang='lat' dir='ltr'>praxis,</span> <span class='ocrx_word' id='word_1_171' title='bbox 1949 979 2075 1019; x_wconf 87' lang='lat' dir='ltr'>quam</span> 
     </span>
     <span class='ocr_line' id='line_1_16' title="bbox 134 1022 2075 1075; baseline 0 -11"><span class='ocrx_word' id='word_1_172' title='bbox 134 1038 242 1064; x_wconf 88' lang='lat' dir='ltr'>nunc</span> <span class='ocrx_word' id='word_1_173' title='bbox 270 1025 473 1064; x_wconf 83' lang='lat' dir='ltr'>renovant</span> <span class='ocrx_word' id='word_1_174' title='bbox 500 1022 540 1063; x_wconf 90' lang='lat' dir='ltr'>V</span> <span class='ocrx_word' id='word_1_175' title='bbox 544 1023 733 1073; x_wconf 88' lang='lat' dir='ltr'>erronici,</span> <span class='ocrx_word' id='word_1_176' title='bbox 763 1023 845 1064; x_wconf 85' lang='lat' dir='ltr'>fuit</span> <span class='ocrx_word' id='word_1_177' title='bbox 873 1025 1061 1064; x_wconf 85' lang='lat' dir='ltr'>veterum</span> <span class='ocrx_word' id='word_1_178' title='bbox 1079 1022 1386 1063; x_wconf 86' lang='lat' dir='ltr'>haereticorum</span> <span class='ocrx_word' id='word_1_179' title='bbox 1402 1023 1693 1074; x_wconf 88' lang='lat' dir='ltr'>Arrianorum,</span> <span class='ocrx_word' id='word_1_180' title='bbox 1711 1022 2075 1075; x_wconf 82' lang='lat' dir='ltr'>Nestorianorum,</span> 
     </span>
     <span class='ocr_line' id='line_1_17' title="bbox 134 1080 2074 1136; baseline -0.001 -13"><span class='ocrx_word' id='word_1_181' title='bbox 134 1082 529 1136; x_wconf 84' lang='lat' dir='ltr'>Menophysitarum</span> <span class='ocrx_word' id='word_1_182' title='bbox 541 1081 933 1135; x_wconf 70' lang='grc' dir='ltr'>810.(1111301·1111111·ῑιο</span> <span class='ocrx_word' id='word_1_183' title='bbox 947 1096 1142 1135; x_wconf 80' lang='lat' dir='ltr'>expressa</span> <span class='ocrx_word' id='word_1_184' title='bbox 1155 1081 1283 1122; x_wconf 87' lang='lat' dir='ltr'>verba</span> <span class='ocrx_word' id='word_1_185' title='bbox 1298 1083 1320 1122; x_wconf 74' lang='lat' dir='ltr'>a</span> <span class='ocrx_word' id='word_1_186' title='bbox 1334 1080 1561 1123; x_wconf 80' lang='lat' dir='ltr'>Catholicis</span> <span class='ocrx_word' id='word_1_187' title='bbox 1574 1084 1776 1135; x_wconf 86' lang='lat' dir='ltr'>perpetuo</span> <span class='ocrx_word' id='word_1_188' title='bbox 1790 1081 2074 1135; x_wconf 81' lang='lat' dir='ltr'>postulabant.</span> 
     </span>
     <span class='ocr_line' id='line_1_18' title="bbox 133 1139 2075 1194; baseline 0.001 -13"><span class='ocrx_word' id='word_1_189' title='bbox 133 1139 253 1181; x_wconf 84' lang='lat' dir='ltr'><strong>VIII.</strong></span> <span class='ocrx_word' id='word_1_190' title='bbox 273 1139 489 1182; x_wconf 87' lang='lat' dir='ltr'>Accedunt</span> <span class='ocrx_word' id='word_1_191' title='bbox 506 1140 748 1181; x_wconf 86' lang='lat' dir='ltr'>testimonia</span> <span class='ocrx_word' id='word_1_192' title='bbox 765 1142 948 1194; x_wconf 87' lang='lat' dir='ltr'>patrum,</span> <span class='ocrx_word' id='word_1_193' title='bbox 962 1140 1114 1194; x_wconf 86' lang='lat' dir='ltr'>quibus</span> <span class='ocrx_word' id='word_1_194' title='bbox 1133 1155 1255 1181; x_wconf 89' lang='lat' dir='ltr'>usum</span> <span class='ocrx_word' id='word_1_195' title='bbox 1273 1140 1573 1194; x_wconf 89' lang='lat' dir='ltr'>principiorum</span> <span class='ocrx_word' id='word_1_196' title='bbox 1590 1139 1767 1181; x_wconf 85' lang='lat' dir='ltr'>rationis</span> <span class='ocrx_word' id='word_1_197' title='bbox 1781 1141 2075 1182; x_wconf 86' lang='lat' dir='ltr'>commendant</span> 
     </span>
     <span class='ocr_line' id='line_1_19' title="bbox 134 1197 2072 1253; baseline 0.001 -13"><span class='ocrx_word' id='word_1_198' title='bbox 134 1198 334 1241; x_wconf 82' lang='lat' dir='ltr'>Nazianz.</span> <span class='ocrx_word' id='word_1_199' title='bbox 353 1202 456 1240; x_wconf 86' lang='lat' dir='ltr'>orat.</span> <span class='ocrx_word' id='word_1_200' title='bbox 482 1199 520 1240; x_wconf 83' lang='grc'>0.</span> <span class='ocrx_word' id='word_1_201' title='bbox 541 1200 589 1240; x_wconf 87' lang='lat' dir='ltr'>de</span> <span class='ocrx_word' id='word_1_202' title='bbox 607 1198 716 1253; x_wconf 85' lang='lat' dir='ltr'>Spir.</span> <span class='ocrx_word' id='word_1_203' title='bbox 736 1197 777 1240; x_wconf 83' lang='lat' dir='ltr'>S.</span> <span class='ocrx_word' id='word_1_204' title='bbox 802 1198 1088 1240; x_wconf 81' lang='lat' dir='ltr'>adversarium</span> <span class='ocrx_word' id='word_1_205' title='bbox 1106 1213 1228 1240; x_wconf 88' lang='lat' dir='ltr'>suum</span> <span class='ocrx_word' id='word_1_206' title='bbox 1247 1198 1347 1240; x_wconf 85' lang='lat' dir='ltr'>dicit</span> <span class='ocrx_word' id='word_1_207' title='bbox 1364 1199 1519 1241; x_wconf 73' lang='lat' dir='ltr'>litterae</span> <span class='ocrx_word' id='word_1_208' title='bbox 1534 1199 1696 1250; x_wconf 80' lang='lat' dir='ltr'>servire,</span> <span class='ocrx_word' id='word_1_209' title='bbox 1719 1197 1760 1241; x_wconf 68' lang='lat' dir='ltr'>a</span> <span class='ocrx_word' id='word_1_210' title='bbox 1781 1198 1902 1241; x_wconf 84' lang='lat' dir='ltr'>rebus</span> <span class='ocrx_word' id='word_1_211' title='bbox 1926 1199 2072 1242; x_wconf 80' lang='lat' dir='ltr'>relictis</span> 
     </span>
     <span class='ocr_line' id='line_1_20' title="bbox 133 1255 2076 1313; baseline 0 -13"><span class='ocrx_word' id='word_1_212' title='bbox 133 1259 312 1313; x_wconf 75' lang='lat' dir='ltr'>syllabas</span> <span class='ocrx_word' id='word_1_213' title='bbox 343 1258 576 1308; x_wconf 76' lang='lat' dir='ltr'>consectari,</span> <span class='ocrx_word' id='word_1_214' title='bbox 610 1260 730 1299; x_wconf 85' lang='lat' dir='ltr'>vocat</span> <span class='ocrx_word' id='word_1_215' title='bbox 762 1273 858 1299; x_wconf 88' lang='lat' dir='ltr'>eum</span> <span class='ocrx_word' id='word_1_216' title='bbox 889 1257 1214 1311; x_wconf 72' lang='lat' dir='ltr'>alphabetarium</span> <span class='ocrx_word' id='word_1_217' title='bbox 1242 1257 1484 1312; x_wconf 73' lang='lat' dir='ltr'>sophistam,</span> <span class='ocrx_word' id='word_1_218' title='bbox 1505 1257 1746 1309; x_wconf 53' lang='grc' dir='ltr'>συκοφάντην</span> <span class='ocrx_word' id='word_1_219' title='bbox 1775 1261 1855 1294; x_wconf 75' lang='grc' dir='ltr'>τῶν</span> <span class='ocrx_word' id='word_1_220' title='bbox 1875 1255 2076 1305; x_wconf 69' lang='grc' dir='ltr'>ἑνεμὰτων</span> 
     </span>
     <span class='ocr_line' id='line_1_21' title="bbox 134 1313 2072 1370; baseline 0 -13"><span class='ocrx_word' id='word_1_221' title='bbox 134 1318 243 1370; x_wconf 87' lang='grc'>(1110(1</span> <span class='ocrx_word' id='word_1_222' title='bbox 271 1316 357 1358; x_wconf 88' lang='lat' dir='ltr'>scil.</span> <span class='ocrx_word' id='word_1_223' title='bbox 392 1316 724 1370; x_wconf 83' lang='lat' dir='ltr'>consequentias,</span> <span class='ocrx_word' id='word_1_224' title='bbox 758 1331 833 1370; x_wconf 88' lang='lat' dir='ltr'>per</span> <span class='ocrx_word' id='word_1_225' title='bbox 850 1332 953 1370; x_wconf 88' lang='lat' dir='ltr'>quas</span> <span class='ocrx_word' id='word_1_226' title='bbox 972 1331 1022 1358; x_wconf 87' lang='lat' dir='ltr'>ex</span> <span class='ocrx_word' id='word_1_227' title='bbox 1045 1316 1263 1370; x_wconf 88' lang='lat' dir='ltr'>scripturis</span> <span class='ocrx_word' id='word_1_228' title='bbox 1289 1316 1493 1370; x_wconf 87' lang='lat' dir='ltr'>probatur</span> <span class='ocrx_word' id='word_1_229' title='bbox 1515 1315 1624 1370; x_wconf 82' lang='lat' dir='ltr'>Spir.</span> <span class='ocrx_word' id='word_1_230' title='bbox 1652 1313 1694 1357; x_wconf 85' lang='lat' dir='ltr'>S.</span> <span class='ocrx_word' id='word_1_231' title='bbox 1713 1315 1860 1356; x_wconf 85' lang='lat' dir='ltr'>Deitas</span> <span class='ocrx_word' id='word_1_232' title='bbox 1888 1329 1971 1356; x_wconf 92' lang='lat' dir='ltr'>non</span> <span class='ocrx_word' id='word_1_233' title='bbox 1999 1316 2072 1357; x_wconf 89' lang='lat' dir='ltr'>ad-</span> 
     </span>
     <span class='ocr_line' id='line_1_22' title="bbox 132 1373 2072 1430; baseline -0.001 -14"><span class='ocrx_word' id='word_1_234' title='bbox 132 1375 331 1417; x_wconf 86' lang='lat' dir='ltr'>mitteret.</span> <span class='ocrx_word' id='word_1_235' title='bbox 348 1375 443 1417; x_wconf 84' lang='lat' dir='ltr'>Vid.</span> <span class='ocrx_word' id='word_1_236' title='bbox 459 1376 636 1416; x_wconf 84' lang='lat' dir='ltr'>eundem</span> <span class='ocrx_word' id='word_1_237' title='bbox 654 1376 697 1417; x_wconf 74' lang='lat' dir='ltr'>lu</span> <span class='ocrx_word' id='word_1_238' title='bbox 719 1376 833 1418; x_wconf 85' lang='lat' dir='ltr'>Orat.</span> <span class='ocrx_word' id='word_1_239' title='bbox 854 1376 1019 1430; x_wconf 73' lang='lat' dir='ltr'>ftmebr.</span> <span class='ocrx_word' id='word_1_240' title='bbox 1039 1376 1084 1417; x_wconf 80' lang='lat' dir='ltr'>in</span> <span class='ocrx_word' id='word_1_241' title='bbox 1101 1375 1267 1417; x_wconf 82' lang='lat' dir='ltr'>laudem</span> <span class='ocrx_word' id='word_1_242' title='bbox 1288 1375 1438 1417; x_wconf 75' lang='lat' dir='ltr'>Basilii</span> <span class='ocrx_word' id='word_1_243' title='bbox 1454 1375 1609 1429; x_wconf 71' lang='lat' dir='ltr'>Mayni.</span> <span class='ocrx_word' id='word_1_244' title='bbox 1628 1373 1857 1428; x_wconf 82' lang='lat' dir='ltr'>Augustin.</span> <span class='ocrx_word' id='word_1_245' title='bbox 1877 1373 1926 1414; x_wconf 89' lang='lat' dir='ltr'>de</span> <span class='ocrx_word' id='word_1_246' title='bbox 1944 1373 2072 1415; x_wconf 88' lang='lat' dir='ltr'>doctr.</span> 
     </span>
     <span class='ocr_line' id='line_1_23' title="bbox 133 1432 2071 1489; baseline 0 -14"><span class='ocrx_word' id='word_1_247' title='bbox 133 1433 289 1476; x_wconf 86' lang='lat' dir='ltr'>Christ.</span> <span class='ocrx_word' id='word_1_248' title='bbox 307 1434 379 1475; x_wconf 83' lang='lat' dir='ltr'>lib.</span> <span class='ocrx_word' id='word_1_249' title='bbox 400 1435 438 1476; x_wconf 75' lang='lat'>2.</span> <span class='ocrx_word' id='word_1_250' title='bbox 457 1449 492 1476; x_wconf 88' lang='lat' dir='ltr'>e.</span> <span class='ocrx_word' id='word_1_251' title='bbox 512 1435 578 1475; x_wconf 80' lang='lat'>30.</span> <span class='ocrx_word' id='word_1_252' title='bbox 598 1434 729 1477; x_wconf 78' lang='lat' dir='ltr'>Aliucl</span> <span class='ocrx_word' id='word_1_253' title='bbox 744 1442 799 1476; x_wconf 82' lang='lat' dir='ltr'>est</span> <span class='ocrx_word' id='word_1_254' title='bbox 816 1448 934 1476; x_wconf 81' lang='lat' dir='ltr'>nosse</span> <span class='ocrx_word' id='word_1_255' title='bbox 954 1435 1120 1489; x_wconf 69' lang='lat' dir='ltr'>regyu-las</span> <span class='ocrx_word' id='word_1_256' title='bbox 1136 1434 1457 1486; x_wconf 71' lang='lat' dir='ltr'>connexionum,</span> <span class='ocrx_word' id='word_1_257' title='bbox 1474 1434 1592 1476; x_wconf 71' lang='lat' dir='ltr'>aliud</span> <span class='ocrx_word' id='word_1_258' title='bbox 1608 1432 1906 1475; x_wconf 74' lang='lat' dir='ltr'>sententiarum</span> <span class='ocrx_word' id='word_1_259' title='bbox 1922 1433 2071 1475; x_wconf 82' lang='lat' dir='ltr'>verita·</span> 
     </span>
     <span class='ocr_line' id='line_1_24' title="bbox 133 1491 2071 1549; baseline 0.001 -16"><span class='ocrx_word' id='word_1_260' title='bbox 133 1500 233 1534; x_wconf 85' lang='lat' dir='ltr'>tem:</span> <span class='ocrx_word' id='word_1_261' title='bbox 267 1493 311 1534; x_wconf 76' lang='lat' dir='ltr'>in</span> <span class='ocrx_word' id='word_1_262' title='bbox 334 1493 414 1535; x_wconf 78' lang='lat' dir='ltr'>illis</span> <span class='ocrx_word' id='word_1_263' title='bbox 436 1493 607 1535; x_wconf 71' lang='lat' dir='ltr'>discitur</span> <span class='ocrx_word' id='word_1_264' title='bbox 625 1493 727 1548; x_wconf 76' lang='lat' dir='ltr'>quid</span> <span class='ocrx_word' id='word_1_265' title='bbox 748 1493 799 1535; x_wconf 78' lang='lat' dir='ltr'>sit</span> <span class='ocrx_word' id='word_1_266' title='bbox 817 1507 1078 1549; x_wconf 78' lang='lat' dir='ltr'>consequens,</span> <span class='ocrx_word' id='word_1_267' title='bbox 1097 1493 1198 1549; x_wconf 78' lang='lat' dir='ltr'>quid</span> <span class='ocrx_word' id='word_1_268' title='bbox 1214 1506 1468 1548; x_wconf 70' lang='lat' dir='ltr'>repuynans.</span> <span class='ocrx_word' id='word_1_269' title='bbox 1504 1491 1777 1548; x_wconf 77' lang='lat' dir='ltr'>Consequens,</span> <span class='ocrx_word' id='word_1_270' title='bbox 1797 1492 1832 1532; x_wconf 71' lang='grc' dir='ltr'>εἰ</span> <span class='ocrx_word' id='word_1_271' title='bbox 1848 1498 1988 1533; x_wconf 87' lang='lat' dir='ltr'>orator</span> <span class='ocrx_word' id='word_1_272' title='bbox 2002 1499 2071 1543; x_wconf 84' lang='lat' dir='ltr'>est,</span> 
     </span>
     <span class='ocr_line' id='line_1_25' title="bbox 130 1550 2071 1608; baseline 0 -16"><span class='ocrx_word' id='word_1_273' title='bbox 130 1552 250 1593; x_wconf 79' lang='lat' dir='ltr'>homo</span> <span class='ocrx_word' id='word_1_274' title='bbox 267 1559 335 1594; x_wconf 78' lang='lat' dir='ltr'>est.</span> <span class='ocrx_word' id='word_1_275' title='bbox 354 1553 621 1607; x_wconf 69' lang='lat' dir='ltr'>Repuqnans,</span> <span class='ocrx_word' id='word_1_276' title='bbox 639 1553 676 1593; x_wconf 71' lang='lat' dir='ltr'>si</span> <span class='ocrx_word' id='word_1_277' title='bbox 692 1552 813 1593; x_wconf 79' lang='lat' dir='ltr'>homo</span> <span class='ocrx_word' id='word_1_278' title='bbox 829 1560 897 1603; x_wconf 85' lang='lat' dir='ltr'>est,</span> <span class='ocrx_word' id='word_1_279' title='bbox 915 1553 1154 1608; x_wconf 72' lang='lat' dir='ltr'>quadrupes</span> <span class='ocrx_word' id='word_1_280' title='bbox 1171 1565 1257 1593; x_wconf 78' lang='lat' dir='ltr'>non</span> <span class='ocrx_word' id='word_1_281' title='bbox 1268 1552 1415 1601; x_wconf 49' lang='grc'>0311110</span> <span class='ocrx_word' id='word_1_282' title='bbox 1428 1565 1522 1607; x_wconf 72' lang='lat' dir='ltr'>erqo</span> <span class='ocrx_word' id='word_1_283' title='bbox 1533 1552 1581 1593; x_wconf 84' lang='lat' dir='ltr'>de</span> <span class='ocrx_word' id='word_1_284' title='bbox 1593 1552 1686 1606; x_wconf 81' lang='lat' dir='ltr'>ipsa</span> <span class='ocrx_word' id='word_1_285' title='bbox 1696 1550 2071 1604; x_wconf 75' lang='lat' dir='ltr'>conneaeionejucli-</span> 
     </span>
     <span class='ocr_line' id='line_1_26' title="bbox 128 1608 2070 1665; baseline -0.001 -13"><span class='ocrx_word' id='word_1_286' title='bbox 128 1618 257 1652; x_wconf 87' lang='lat' dir='ltr'>catur.</span> <span class='ocrx_word' id='word_1_287' title='bbox 276 1610 374 1652; x_wconf 90' lang='lat' dir='ltr'>Vid.</span> <span class='ocrx_word' id='word_1_288' title='bbox 393 1611 569 1652; x_wconf 84' lang='lat' dir='ltr'>eundem</span> <span class='ocrx_word' id='word_1_289' title='bbox 586 1625 674 1665; x_wconf 76' lang='lat' dir='ltr'>cap.</span> <span class='ocrx_word' id='word_1_290' title='bbox 693 1611 761 1652; x_wconf 80' lang='lat'>31.</span> <span class='ocrx_word' id='word_1_291' title='bbox 782 1611 850 1652; x_wconf 80' lang='lat'>35.</span> <span class='ocrx_word' id='word_1_292' title='bbox 870 1611 938 1652; x_wconf 76' lang='lat'>37.</span> <span class='ocrx_word' id='word_1_293' title='bbox 957 1611 1139 1665; x_wconf 76' lang='lat' dir='ltr'>ejusdem</span> <span class='ocrx_word' id='word_1_294' title='bbox 1156 1610 1245 1653; x_wconf 70' lang='lat' dir='ltr'>libr.</span> <span class='ocrx_word' id='word_1_295' title='bbox 1265 1612 1295 1653; x_wconf 86' lang='grc'>81</span> <span class='ocrx_word' id='word_1_296' title='bbox 1310 1618 1451 1653; x_wconf 88' lang='lat' dir='ltr'>contra</span> <span class='ocrx_word' id='word_1_297' title='bbox 1471 1611 1597 1653; x_wconf 86' lang='lat' dir='ltr'>Cresc.</span> <span class='ocrx_word' id='word_1_298' title='bbox 1616 1609 1683 1653; x_wconf 84' lang='lat' dir='ltr'>lib.</span> <span class='ocrx_word' id='word_1_299' title='bbox 1706 1610 1725 1649; x_wconf 87' lang='lat'>1</span> <span class='ocrx_word' id='word_1_300' title='bbox 1741 1623 1829 1663; x_wconf 82' lang='lat' dir='ltr'>cap.</span> <span class='ocrx_word' id='word_1_301' title='bbox 1851 1609 1918 1650; x_wconf 87' lang='lat'>15.</span> <span class='ocrx_word' id='word_1_302' title='bbox 1933 1608 2070 1650; x_wconf 87' lang='lat' dir='ltr'>Atha-</span> 
     </span>
     <span class='ocr_line' id='line_1_27' title="bbox 128 1668 2070 1724; baseline 0 -15"><span class='ocrx_word' id='word_1_303' title='bbox 128 1670 270 1710; x_wconf 82' lang='lat' dir='ltr'>nasius</span> <span class='ocrx_word' id='word_1_304' title='bbox 290 1669 334 1709; x_wconf 89' lang='lat' dir='ltr'>in</span> <span class='ocrx_word' id='word_1_305' title='bbox 353 1669 471 1722; x_wconf 83' lang='lat' dir='ltr'>epist.</span> <span class='ocrx_word' id='word_1_306' title='bbox 492 1670 540 1710; x_wconf 87' lang='lat' dir='ltr'>de</span> <span class='ocrx_word' id='word_1_307' title='bbox 563 1670 714 1711; x_wconf 85' lang='lat' dir='ltr'>decret.</span> <span class='ocrx_word' id='word_1_308' title='bbox 732 1668 831 1724; x_wconf 79' lang='lat' dir='ltr'>Syn.</span> <span class='ocrx_word' id='word_1_309' title='bbox 849 1669 998 1711; x_wconf 86' lang='lat' dir='ltr'>Nicen.</span> <span class='ocrx_word' id='word_1_310' title='bbox 1016 1670 1247 1712; x_wconf 74' lang='lat' dir='ltr'>Hominum</span> <span class='ocrx_word' id='word_1_311' title='bbox 1260 1670 1563 1724; x_wconf 75' lang='lat' dir='ltr'>perspicaciam</span> <span class='ocrx_word' id='word_1_312' title='bbox 1579 1676 1648 1720; x_wconf 87' lang='lat' dir='ltr'>est,</span> <span class='ocrx_word' id='word_1_313' title='bbox 1667 1675 1712 1711; x_wconf 81' lang='lat' dir='ltr'>¹ut</span> <span class='ocrx_word' id='word_1_314' title='bbox 1729 1668 1896 1711; x_wconf 80' lang='lat' dir='ltr'>Paulus</span> <span class='ocrx_word' id='word_1_315' title='bbox 1911 1668 2070 1722; x_wconf 74' lang='lat' dir='ltr'>praeci-</span> 
     </span>
     <span class='ocr_line' id='line_1_28' title="bbox 127 1725 2069 1783; baseline -0.001 -14"><span class='ocrx_word' id='word_1_316' title='bbox 127 1728 200 1782; x_wconf 73' lang='lat' dir='ltr'>pic,</span> <span class='ocrx_word' id='word_1_317' title='bbox 219 1728 378 1771; x_wconf 75' lang='lat' dir='ltr'>lecte&#39;ont&#39;</span> <span class='ocrx_word' id='word_1_318' title='bbox 393 1729 611 1779; x_wconf 79' lang='lat' dir='ltr'>attendere,</span> <span class='ocrx_word' id='word_1_319' title='bbox 629 1736 675 1771; x_wconf 61' lang='lat' dir='ltr'>‘ut</span> <span class='ocrx_word' id='word_1_320' title='bbox 692 1742 777 1770; x_wconf 85' lang='lat' dir='ltr'>rem</span> <span class='ocrx_word' id='word_1_321' title='bbox 786 1729 945 1782; x_wconf 72' lang='lat' dir='ltr'>judicio</span> <span class='ocrx_word' id='word_1_322' title='bbox 955 1729 1203 1771; x_wconf 70' lang='lat' dir='ltr'>discernant.</span> <span class='ocrx_word' id='word_1_323' title='bbox 1220 1727 1261 1770; x_wconf 71' lang='lat'>86</span> <span class='ocrx_word' id='word_1_324' title='bbox 1272 1742 1352 1783; x_wconf 75' lang='lat' dir='ltr'>pro</span> <span class='ocrx_word' id='word_1_325' title='bbox 1366 1736 1518 1770; x_wconf 82' lang='lat' dir='ltr'>natura</span> <span class='ocrx_word' id='word_1_326' title='bbox 1530 1742 1686 1778; x_wconf 84' lang='lat' dir='ltr'>rerum,</span> <span class='ocrx_word' id='word_1_327' title='bbox 1702 1726 1872 1782; x_wconf 75' lang='lat' dir='ltr'>quaeibt&#39;</span> <span class='ocrx_word' id='word_1_328' title='bbox 1881 1725 2069 1769; x_wconf 78' lang='lat' dir='ltr'>scribun-</span> 
     </span>
     <span class='ocr_line' id='line_1_29' title="bbox 129 1785 2071 1842; baseline -0.001 -14"><span class='ocrx_word' id='word_1_329' title='bbox 129 1794 210 1838; x_wconf 88' lang='lat' dir='ltr'>tur,</span> <span class='ocrx_word' id='word_1_330' title='bbox 238 1786 434 1829; x_wconf 69' lang='lat' dir='ltr'>vocabula</span> <span class='ocrx_word' id='word_1_331' title='bbox 451 1787 665 1841; x_wconf 71' lang='lat' dir='ltr'>accipiant.</span> <span class='ocrx_word' id='word_1_332' title='bbox 684 1787 772 1828; x_wconf 75' lang='lat' dir='ltr'>stne</span> <span class='ocrx_word' id='word_1_333' title='bbox 790 1788 1031 1841; x_wconf 73' lang='lat' dir='ltr'>confusione</span> <span class='ocrx_word' id='word_1_334' title='bbox 1052 1788 1290 1830; x_wconf 82' lang='lat' dir='ltr'>intellectus.</span> <span class='ocrx_word' id='word_1_335' title='bbox 1311 1786 1423 1842; x_wconf 79' lang='lat' dir='ltr'>Aug.</span> <span class='ocrx_word' id='word_1_336' title='bbox 1443 1787 1517 1829; x_wconf 90' lang='lat' dir='ltr'>lib.</span> <span class='ocrx_word' id='word_1_337' title='bbox 1541 1788 1580 1828; x_wconf 83' lang='lat'>2.</span> <span class='ocrx_word' id='word_1_338' title='bbox 1599 1789 1743 1828; x_wconf 89' lang='lat' dir='ltr'>contra</span> <span class='ocrx_word' id='word_1_339' title='bbox 1766 1785 1900 1827; x_wconf 86' lang='lat' dir='ltr'>Cresc.</span> <span class='ocrx_word' id='word_1_340' title='bbox 1920 1799 2010 1839; x_wconf 88' lang='lat' dir='ltr'>cap.</span> <span class='ocrx_word' id='word_1_341' title='bbox 2030 1785 2071 1827; x_wconf 81' lang='lat'>2.</span> 
     </span>
     <span class='ocr_line' id='line_1_30' title="bbox 130 1845 2071 1902; baseline -0.001 -15"><span class='ocrx_word' id='word_1_342' title='bbox 130 1845 223 1888; x_wconf 86' lang='lat' dir='ltr'>Non</span> <span class='ocrx_word' id='word_1_343' title='bbox 238 1859 338 1888; x_wconf 85' lang='lat' dir='ltr'>curo</span> <span class='ocrx_word' id='word_1_344' title='bbox 354 1852 501 1887; x_wconf 59' lang='lat' dir='ltr'>&lt;utrum</span> <span class='ocrx_word' id='word_1_345' title='bbox 521 1846 611 1899; x_wconf 77' lang='lat' dir='ltr'>ipsa</span> <span class='ocrx_word' id='word_1_346' title='bbox 627 1860 673 1887; x_wconf 85' lang='lat' dir='ltr'>ea</span> <span class='ocrx_word' id='word_1_347' title='bbox 690 1846 895 1888; x_wconf 72' lang='lat' dir='ltr'>dialectica</span> <span class='ocrx_word' id='word_1_348' title='bbox 917 1854 1091 1897; x_wconf 77' lang='lat' dir='ltr'>vocetur,</span> <span class='ocrx_word' id='word_1_349' title='bbox 1109 1860 1207 1888; x_wconf 87' lang='lat' dir='ltr'>curo</span> <span class='ocrx_word' id='word_1_350' title='bbox 1224 1853 1361 1888; x_wconf 87' lang='lat' dir='ltr'>tamen</span> <span class='ocrx_word' id='word_1_351' title='bbox 1378 1853 1584 1902; x_wconf 84' lang='lat' dir='ltr'>quantum</span> <span class='ocrx_word' id='word_1_352' title='bbox 1604 1847 1718 1887; x_wconf 84' lang='lat' dir='ltr'>valeo</span> <span class='ocrx_word' id='word_1_353' title='bbox 1739 1857 1858 1886; x_wconf 80' lang='lat' dir='ltr'>nosse</span> <span class='ocrx_word' id='word_1_354' title='bbox 1883 1856 1931 1885; x_wconf 90' lang='lat' dir='ltr'>ac</span> <span class='ocrx_word' id='word_1_355' title='bbox 1952 1856 2071 1898; x_wconf 78' lang='lat' dir='ltr'>posse</span> 
     </span>
     <span class='ocr_line' id='line_1_31' title="bbox 127 1904 2068 1960; baseline -0.001 -15"><span class='ocrx_word' id='word_1_356' title='bbox 127 1904 353 1958; x_wconf 77' lang='lat' dir='ltr'>disputare,</span> <span class='ocrx_word' id='word_1_357' title='bbox 372 1904 412 1945; x_wconf 75' lang='lat' dir='ltr'>h.</span> <span class='ocrx_word' id='word_1_358' title='bbox 430 1919 462 1945; x_wconf 82' lang='lat' dir='ltr'>e.</span> <span class='ocrx_word' id='word_1_359' title='bbox 475 1905 683 1946; x_wconf 74' lang='lat' dir='ltr'>veritatem</span> <span class='ocrx_word' id='word_1_360' title='bbox 699 1905 724 1945; x_wconf 77' lang='lat' dir='ltr'>a</span> <span class='ocrx_word' id='word_1_361' title='bbox 734 1904 911 1958; x_wconf 78' lang='lat' dir='ltr'>salsitate</span> <span class='ocrx_word' id='word_1_362' title='bbox 927 1906 972 1946; x_wconf 78' lang='lat' dir='ltr'>in</span> <span class='ocrx_word' id='word_1_363' title='bbox 990 1905 1192 1960; x_wconf 82' lang='lat' dir='ltr'>loquendo</span> <span class='ocrx_word' id='word_1_364' title='bbox 1209 1905 1447 1955; x_wconf 79' lang='lat' dir='ltr'>discernere,</span> <span class='ocrx_word' id='word_1_365' title='bbox 1466 1905 1539 1960; x_wconf 79' lang='lat' dir='ltr'>qui</span> <span class='ocrx_word' id='word_1_366' title='bbox 1554 1904 1640 1945; x_wconf 77' lang='lat' dir='ltr'>nisi</span> <span class='ocrx_word' id='word_1_367' title='bbox 1655 1904 1728 1944; x_wconf 79' lang='lat' dir='ltr'>hoc</span> <span class='ocrx_word' id='word_1_368' title='bbox 1744 1915 1957 1953; x_wconf 79' lang='lat' dir='ltr'>curavere,</span> <span class='ocrx_word' id='word_1_369' title='bbox 1971 1915 2068 1956; x_wconf 75' lang='lat' dir='ltr'>per-</span> 
     </span>
     <span class='ocr_line' id='line_1_32' title="bbox 128 1961 2068 2017; baseline -0.001 -13"><span class='ocrx_word' id='word_1_370' title='bbox 128 1963 275 2004; x_wconf 77' lang='lat' dir='ltr'>niciose</span> <span class='ocrx_word' id='word_1_371' title='bbox 289 1962 443 2005; x_wconf 83' lang='lat' dir='ltr'>errabo.</span> <span class='ocrx_word' id='word_1_372' title='bbox 463 1962 709 2017; x_wconf 86' lang='lat' dir='ltr'>Hieronym.</span> <span class='ocrx_word' id='word_1_373' title='bbox 729 1963 772 2003; x_wconf 88' lang='lat' dir='ltr'>in</span> <span class='ocrx_word' id='word_1_374' title='bbox 797 1962 933 2004; x_wconf 79' lang='lat' dir='ltr'>Galat.</span> <span class='ocrx_word' id='word_1_375' title='bbox 960 1964 997 2005; x_wconf 90' lang='lat'>1.</span> <span class='ocrx_word' id='word_1_376' title='bbox 1023 1965 1061 2004; x_wconf 79' lang='lat'>2.</span> <span class='ocrx_word' id='word_1_377' title='bbox 1086 1963 1158 2006; x_wconf 84' lang='lat' dir='ltr'>ait.</span> <span class='ocrx_word' id='word_1_378' title='bbox 1178 1964 1271 2006; x_wconf 86' lang='lat' dir='ltr'>Non</span> <span class='ocrx_word' id='word_1_379' title='bbox 1289 1963 1331 2004; x_wconf 78' lang='lat' dir='ltr'>in.</span> <span class='ocrx_word' id='word_1_380' title='bbox 1350 1963 1482 2004; x_wconf 74' lang='lat' dir='ltr'>verbis</span> <span class='ocrx_word' id='word_1_381' title='bbox 1499 1963 1808 2017; x_wconf 74' lang='lat' dir='ltr'>scripturarum</span> <span class='ocrx_word' id='word_1_382' title='bbox 1829 1974 1913 2002; x_wconf 85' lang='lat' dir='ltr'>esse</span> <span class='ocrx_word' id='word_1_383' title='bbox 1927 1961 2068 2003; x_wconf 83' lang='lat' dir='ltr'>Evan-</span> 
     </span>
     <span class='ocr_line' id='line_1_33' title="bbox 125 2019 2070 2079; baseline -0.001 -16"><span class='ocrx_word' id='word_1_384' title='bbox 125 2022 292 2076; x_wconf 76' lang='lat' dir='ltr'>9elt&#39;um,</span> <span class='ocrx_word' id='word_1_385' title='bbox 316 2022 386 2063; x_wconf 78' lang='lat' dir='ltr'>secl</span> <span class='ocrx_word' id='word_1_386' title='bbox 413 2022 458 2063; x_wconf 81' lang='lat' dir='ltr'>in</span> <span class='ocrx_word' id='word_1_387' title='bbox 479 2035 614 2068; x_wconf 82' lang='lat' dir='ltr'>sensu,</span> <span class='ocrx_word' id='word_1_388' title='bbox 639 2022 786 2063; x_wconf 83' lang='lat' dir='ltr'>nonin</span> <span class='ocrx_word' id='word_1_389' title='bbox 807 2023 1032 2079; x_wconf 77' lang='lat' dir='ltr'>superficie,</span> <span class='ocrx_word' id='word_1_390' title='bbox 1055 2022 1185 2064; x_wconf 78' lang='lat' dir='ltr'>sedin</span> <span class='ocrx_word' id='word_1_391' title='bbox 1206 2022 1400 2073; x_wconf 81' lang='lat' dir='ltr'>medulla,</span> <span class='ocrx_word' id='word_1_392' title='bbox 1423 2021 1570 2063; x_wconf 83' lang='lat' dir='ltr'>nonin</span> <span class='ocrx_word' id='word_1_393' title='bbox 1586 2033 1828 2062; x_wconf 80' lang='lat' dir='ltr'>sermonum</span> <span class='ocrx_word' id='word_1_394' title='bbox 1850 2019 1976 2073; x_wconf 78' lang='lat' dir='ltr'>foliis,</span> <span class='ocrx_word' id='word_1_395' title='bbox 1999 2019 2070 2061; x_wconf 79' lang='lat' dir='ltr'>secl</span> 
     </span>
     <span class='ocr_line' id='line_1_34' title="bbox 129 2077 2067 2132; baseline -0.001 -11"><span class='ocrx_word' id='word_1_396' title='bbox 129 2081 173 2122; x_wconf 78' lang='grc' dir='ltr'>ῖη</span> <span class='ocrx_word' id='word_1_397' title='bbox 198 2080 334 2122; x_wconf 74' lang='lat' dir='ltr'>radice</span> <span class='ocrx_word' id='word_1_398' title='bbox 358 2081 545 2122; x_wconf 71' lang='lat' dir='ltr'>rationis.</span> <span class='ocrx_word' id='word_1_399' title='bbox 579 2079 684 2122; x_wconf 81' lang='lat' dir='ltr'>Cum</span> <span class='ocrx_word' id='word_1_400' title='bbox 705 2080 771 2121; x_wconf 89' lang='lat' dir='ltr'>his</span> <span class='ocrx_word' id='word_1_401' title='bbox 793 2081 986 2122; x_wconf 77' lang='lat' dir='ltr'>convenit</span> <span class='ocrx_word' id='word_1_402' title='bbox 1014 2081 1170 2123; x_wconf 86' lang='lat' dir='ltr'>dictum</span> <span class='ocrx_word' id='word_1_403' title='bbox 1187 2079 1380 2121; x_wconf 84' lang='lat' dir='ltr'>Anselmi</span> <span class='ocrx_word' id='word_1_404' title='bbox 1396 2080 1440 2120; x_wconf 90' lang='lat' dir='ltr'>in</span> <span class='ocrx_word' id='word_1_405' title='bbox 1462 2080 1533 2122; x_wconf 88' lang='lat' dir='ltr'>lib.</span> <span class='ocrx_word' id='word_1_406' title='bbox 1553 2080 1602 2120; x_wconf 88' lang='lat' dir='ltr'>de</span> <span class='ocrx_word' id='word_1_407' title='bbox 1619 2078 1836 2120; x_wconf 69' lang='lat' dir='ltr'>concordia</span> <span class='ocrx_word' id='word_1_408' title='bbox 1852 2077 2016 2132; x_wconf 84' lang='lat' dir='ltr'>gratiae</span> <span class='ocrx_word' id='word_1_409' title='bbox 2038 2078 2067 2120; x_wconf 83' lang='lat'>&amp;</span> 
     </span>
     <span class='ocr_line' id='line_1_35' title="bbox 127 2136 2064 2194; baseline -0.001 -16"><span class='ocrx_word' id='word_1_410' title='bbox 127 2138 199 2180; x_wconf 84' lang='lat' dir='ltr'>lib.</span> <span class='ocrx_word' id='word_1_411' title='bbox 226 2139 371 2180; x_wconf 84' lang='lat' dir='ltr'>arbitr.</span> <span class='ocrx_word' id='word_1_412' title='bbox 395 2139 462 2181; x_wconf 90' lang='grc' dir='ltr'>8ῖο</span> <span class='ocrx_word' id='word_1_413' title='bbox 484 2140 620 2194; x_wconf 74' lang='lat' dir='ltr'>itaque</span> <span class='ocrx_word' id='word_1_414' title='bbox 636 2153 754 2180; x_wconf 78' lang='lat' dir='ltr'>sacra·</span> <span class='ocrx_word' id='word_1_415' title='bbox 770 2140 976 2193; x_wconf 74' lang='lat' dir='ltr'>scriptura</span> <span class='ocrx_word' id='word_1_416' title='bbox 993 2141 1128 2182; x_wconf 69' lang='lat' dir='ltr'>ominis</span> <span class='ocrx_word' id='word_1_417' title='bbox 1145 2139 1338 2190; x_wconf 71' lang='lat' dir='ltr'>veritatis,</span> <span class='ocrx_word' id='word_1_418' title='bbox 1357 2153 1484 2194; x_wconf 83' lang='lat' dir='ltr'>quam</span> <span class='ocrx_word' id='word_1_419' title='bbox 1502 2139 1609 2180; x_wconf 81' lang='lat' dir='ltr'>ratio</span> <span class='ocrx_word' id='word_1_420' title='bbox 1625 2138 1788 2191; x_wconf 69' lang='lat' dir='ltr'>colliyit,</span> <span class='ocrx_word' id='word_1_421' title='bbox 1806 2136 2064 2178; x_wconf 79' lang='lat' dir='ltr'>autoritatem</span> 
     </span>
     <span class='ocr_line' id='line_1_36' title="bbox 127 2195 2065 2255; baseline -0.001 -17"><span class='ocrx_word' id='word_1_422' title='bbox 127 2198 316 2247; x_wconf 78' lang='lat' dir='ltr'>continet,</span> <span class='ocrx_word' id='word_1_423' title='bbox 329 2211 425 2239; x_wconf 84' lang='lat' dir='ltr'>eum</span> <span class='ocrx_word' id='word_1_424' title='bbox 441 2199 560 2240; x_wconf 76' lang='lat' dir='ltr'>illum</span> <span class='ocrx_word' id='word_1_425' title='bbox 577 2206 650 2240; x_wconf 87' lang='lat' dir='ltr'>aut</span> <span class='ocrx_word' id='word_1_426' title='bbox 667 2200 803 2252; x_wconf 74' lang='lat' dir='ltr'>aperte</span> <span class='ocrx_word' id='word_1_427' title='bbox 818 2199 1020 2255; x_wconf 62' lang='lat' dir='ltr'>affirmat,</span> <span class='ocrx_word' id='word_1_428' title='bbox 1037 2207 1109 2240; x_wconf 87' lang='lat' dir='ltr'>aut</span> <span class='ocrx_word' id='word_1_429' title='bbox 1126 2199 1365 2240; x_wconf 80' lang='lat' dir='ltr'>nullatenus</span> <span class='ocrx_word' id='word_1_430' title='bbox 1382 2205 1511 2252; x_wconf 71' lang='lat' dir='ltr'>neyal.</span> <span class='ocrx_word' id='word_1_431' title='bbox 1534 2197 1654 2250; x_wconf 77' lang='lat' dir='ltr'>Quod</span> <span class='ocrx_word' id='word_1_432' title='bbox 1669 2197 1780 2238; x_wconf 74' lang='lat' dir='ltr'>enim</span> <span class='ocrx_word' id='word_1_433' title='bbox 1801 2196 1945 2250; x_wconf 74' lang='lat' dir='ltr'>aperta</span> <span class='ocrx_word' id='word_1_434' title='bbox 1961 2195 2065 2236; x_wconf 81' lang='lat' dir='ltr'>rati-</span> 
     </span>
     <span class='ocr_line' id='line_1_37' title="bbox 127 2253 2067 2312; baseline -0.002 -15"><span class='ocrx_word' id='word_1_435' title='bbox 127 2269 202 2298; x_wconf 81' lang='lat' dir='ltr'>one</span> <span class='ocrx_word' id='word_1_436' title='bbox 218 2256 440 2310; x_wconf 69' lang='lat' dir='ltr'>colliqe&#39;tur,</span> <span class='ocrx_word' id='word_1_437' title='bbox 462 2255 503 2298; x_wconf 72' lang='lat' dir='ltr'>a</span> <span class='ocrx_word' id='word_1_438' title='bbox 525 2257 596 2307; x_wconf 74' lang='lat' dir='ltr'>illi,</span> <span class='ocrx_word' id='word_1_439' title='bbox 618 2271 668 2298; x_wconf 77' lang='lat' dir='ltr'>eoe</span> <span class='ocrx_word' id='word_1_440' title='bbox 683 2257 803 2300; x_wconf 72' lang='lat' dir='ltr'>nulla</span> <span class='ocrx_word' id='word_1_441' title='bbox 820 2258 1047 2311; x_wconf 71' lang='lat' dir='ltr'>scripturae</span> <span class='ocrx_word' id='word_1_442' title='bbox 1060 2265 1178 2312; x_wconf 77' lang='lat' dir='ltr'>parte</span> <span class='ocrx_word' id='word_1_443' title='bbox 1193 2257 1497 2307; x_wconf 71' lang='lat' dir='ltr'>contradicitur,</span> <span class='ocrx_word' id='word_1_444' title='bbox 1516 2255 1715 2311; x_wconf 74' lang='lat' dir='ltr'>quoniam</span> <span class='ocrx_word' id='word_1_445' title='bbox 1732 2255 1823 2309; x_wconf 73' lang='lat' dir='ltr'>ipsa</span> <span class='ocrx_word' id='word_1_446' title='bbox 1839 2254 1941 2296; x_wconf 78' lang='lat' dir='ltr'>sicut</span> <span class='ocrx_word' id='word_1_447' title='bbox 1958 2253 2067 2295; x_wconf 76' lang='lat' dir='ltr'>nulli</span> 
     </span>
     <span class='ocr_line' id='line_1_38' title="bbox 126 2312 2065 2371; baseline -0.002 -15"><span class='ocrx_word' id='word_1_448' title='bbox 126 2315 372 2358; x_wconf 80' lang='lat' dir='ltr'>adversatur</span> <span class='ocrx_word' id='word_1_449' title='bbox 397 2315 568 2366; x_wconf 75' lang='lat' dir='ltr'>veritati,</span> <span class='ocrx_word' id='word_1_450' title='bbox 602 2315 657 2356; x_wconf 77' lang='lat' dir='ltr'>ita</span> <span class='ocrx_word' id='word_1_451' title='bbox 673 2317 792 2357; x_wconf 85' lang='lat' dir='ltr'>nulla</span> <span class='ocrx_word' id='word_1_452' title='bbox 810 2316 916 2370; x_wconf 75' lang='lat' dir='ltr'>favet</span> <span class='ocrx_word' id='word_1_453' title='bbox 934 2317 1121 2370; x_wconf 74' lang='lat' dir='ltr'>falsitati,</span> <span class='ocrx_word' id='word_1_454' title='bbox 1139 2316 1213 2357; x_wconf 80' lang='lat' dir='ltr'>lzoc</span> <span class='ocrx_word' id='word_1_455' title='bbox 1229 2316 1317 2370; x_wconf 73' lang='lat' dir='ltr'>ipso</span> <span class='ocrx_word' id='word_1_456' title='bbox 1335 2316 1433 2371; x_wconf 74' lang='lat' dir='ltr'>quia</span> <span class='ocrx_word' id='word_1_457' title='bbox 1451 2328 1537 2356; x_wconf 85' lang='lat' dir='ltr'>non</span> <span class='ocrx_word' id='word_1_458' title='bbox 1554 2322 1673 2368; x_wconf 64' lang='lat' dir='ltr'>nessae</span> <span class='ocrx_word' id='word_1_459' title='bbox 1692 2313 1802 2369; x_wconf 84' lang='lat' dir='ltr'>quod</span> <span class='ocrx_word' id='word_1_460' title='bbox 1822 2313 1981 2354; x_wconf 82' lang='lat' dir='ltr'>ratione</span> <span class='ocrx_word' id='word_1_461' title='bbox 2002 2312 2065 2353; x_wconf 76' lang='lat' dir='ltr'>cli-</span> 
     </span>
     <span class='ocr_line' id='line_1_39' title="bbox 125 2370 2066 2429; baseline -0.002 -14"><span class='ocrx_word' id='word_1_462' title='bbox 125 2374 245 2425; x_wconf 77' lang='lat' dir='ltr'>ct&#39;tur,</span> <span class='ocrx_word' id='word_1_463' title='bbox 272 2374 359 2427; x_wconf 66' lang='lat' dir='ltr'>ejus</span> <span class='ocrx_word' id='word_1_464' title='bbox 385 2374 604 2415; x_wconf 78' lang='lat' dir='ltr'>autoritate</span> <span class='ocrx_word' id='word_1_465' title='bbox 628 2374 865 2429; x_wconf 75' lang='lat' dir='ltr'>suscipitur.</span> <span class='ocrx_word' id='word_1_466' title='bbox 895 2374 1000 2416; x_wconf 90' lang='lat' dir='ltr'>Cum</span> <span class='ocrx_word' id='word_1_467' title='bbox 1022 2375 1106 2416; x_wconf 88' lang='lat' dir='ltr'>illis</span> <span class='ocrx_word' id='word_1_468' title='bbox 1128 2374 1290 2416; x_wconf 88' lang='lat' dir='ltr'>faciunt</span> <span class='ocrx_word' id='word_1_469' title='bbox 1312 2373 1520 2415; x_wconf 85' lang='lat' dir='ltr'>Pontificii</span> <span class='ocrx_word' id='word_1_470' title='bbox 1543 2372 1780 2415; x_wconf 69' lang='lat' dir='ltr'>Seltolastt&#39;ci</span> <span class='ocrx_word' id='word_1_471' title='bbox 1810 2371 1866 2412; x_wconf 81' lang='lat' dir='ltr'>acl</span> <span class='ocrx_word' id='word_1_472' title='bbox 1889 2370 2066 2412; x_wconf 78' lang='lat' dir='ltr'>Thomae</span> 
     </span>
     <span class='ocr_line' id='line_1_40' title="bbox 126 2430 2066 2488; baseline -0.002 -15"><span class='ocrx_word' id='word_1_473' title='bbox 126 2433 259 2474; x_wconf 85' lang='lat' dir='ltr'>locum</span> <span class='ocrx_word' id='word_1_474' title='bbox 272 2445 404 2486; x_wconf 76' lang='lat' dir='ltr'>supra</span> <span class='ocrx_word' id='word_1_475' title='bbox 423 2432 654 2474; x_wconf 79' lang='lat' dir='ltr'>laudatum.</span> <span class='ocrx_word' id='word_1_476' title='bbox 672 2432 855 2475; x_wconf 86' lang='lat' dir='ltr'>Salmero</span> <span class='ocrx_word' id='word_1_477' title='bbox 874 2441 970 2475; x_wconf 87' lang='lat' dir='ltr'>tom.</span> <span class='ocrx_word' id='word_1_478' title='bbox 986 2434 1022 2474; x_wconf 90' lang='lat'>1.</span> <span class='ocrx_word' id='word_1_479' title='bbox 1038 2435 1194 2488; x_wconf 67' lang='lat' dir='ltr'>proley.</span> <span class='ocrx_word' id='word_1_480' title='bbox 1212 2433 1252 2473; x_wconf 77' lang='grc'>0.</span> <span class='ocrx_word' id='word_1_481' title='bbox 1269 2446 1359 2474; x_wconf 83' lang='lat' dir='ltr'>can.</span> <span class='ocrx_word' id='word_1_482' title='bbox 1381 2432 1417 2473; x_wconf 88' lang='grc'>7.</span> <span class='ocrx_word' id='word_1_483' title='bbox 1438 2440 1532 2474; x_wconf 87' lang='lat' dir='ltr'>tom.</span> <span class='ocrx_word' id='word_1_484' title='bbox 1548 2433 1586 2473; x_wconf 81' lang='lat'>8.</span> <span class='ocrx_word' id='word_1_485' title='bbox 1607 2438 1720 2473; x_wconf 85' lang='lat' dir='ltr'>tract.</span> <span class='ocrx_word' id='word_1_486' title='bbox 1741 2430 1808 2471; x_wconf 84' lang='lat'>61.</span> <span class='ocrx_word' id='word_1_487' title='bbox 1823 2431 1923 2483; x_wconf 73' lang='lat' dir='ltr'>Veya</span> <span class='ocrx_word' id='word_1_488' title='bbox 1939 2442 2066 2483; x_wconf 79' lang='lat' dir='ltr'>super</span> 
     </span>
     <span class='ocr_line' id='line_1_41' title="bbox 129 2488 2063 2544; baseline -0.002 -11"><span class='ocrx_word' id='word_1_489' title='bbox 129 2491 278 2533; x_wconf 76' lang='lat' dir='ltr'>Concil.</span> <span class='ocrx_word' id='word_1_490' title='bbox 314 2491 494 2532; x_wconf 74' lang='lat' dir='ltr'>Triclent.</span> <span class='ocrx_word' id='word_1_491' title='bbox 523 2504 597 2544; x_wconf 72' lang='lat' dir='ltr'>cap</span> <span class='ocrx_word' id='word_1_492' title='bbox 640 2491 708 2532; x_wconf 79' lang='lat'>39.</span> <span class='ocrx_word' id='word_1_493' title='bbox 733 2492 1016 2535; x_wconf 77' lang='lat' dir='ltr'>Bellarminus</span> <span class='ocrx_word' id='word_1_494' title='bbox 1049 2493 1115 2534; x_wconf 73' lang='lat' dir='ltr'>lib.</span> <span class='ocrx_word' id='word_1_495' title='bbox 1144 2493 1184 2533; x_wconf 75' lang='lat'>4.</span> <span class='ocrx_word' id='word_1_496' title='bbox 1212 2492 1260 2532; x_wconf 76' lang='lat' dir='ltr'>(le</span> <span class='ocrx_word' id='word_1_497' title='bbox 1288 2491 1405 2533; x_wconf 78' lang='lat' dir='ltr'>verbo</span> <span class='ocrx_word' id='word_1_498' title='bbox 1432 2491 1522 2540; x_wconf 76' lang='lat' dir='ltr'>Del,</span> <span class='ocrx_word' id='word_1_499' title='bbox 1550 2505 1581 2533; x_wconf 96' lang='grc'>0.</span> <span class='ocrx_word' id='word_1_500' title='bbox 1606 2490 1645 2531; x_wconf 81' lang='grc'>9.</span> <span class='ocrx_word' id='word_1_501' title='bbox 1672 2488 1776 2532; x_wconf 59' lang='lat' dir='ltr'>&amp;cle</span> <span class='ocrx_word' id='word_1_502' title='bbox 1792 2489 1900 2532; x_wconf 75' lang='lat' dir='ltr'>notis</span> <span class='ocrx_word' id='word_1_503' title='bbox 1918 2489 2063 2530; x_wconf 76' lang='lat' dir='ltr'>Eccles-</span> 
     </span>
     <span class='ocr_line' id='line_1_42' title="bbox 125 2545 2063 2605; baseline -0.002 -15"><span class='ocrx_word' id='word_1_504' title='bbox 125 2563 212 2604; x_wconf 82' lang='lat' dir='ltr'>cap.</span> <span class='ocrx_word' id='word_1_505' title='bbox 232 2551 272 2591; x_wconf 81' lang='lat'>3.</span> <span class='ocrx_word' id='word_1_506' title='bbox 294 2548 335 2591; x_wconf 71' lang='grc' dir='ltr'>ἃ·</span> <span class='ocrx_word' id='word_1_507' title='bbox 350 2550 387 2590; x_wconf 69' lang='grc' dir='ltr'>(ἰ.</span> <span class='ocrx_word' id='word_1_508' title='bbox 407 2550 578 2605; x_wconf 75' lang='lat' dir='ltr'>justific.</span> <span class='ocrx_word' id='word_1_509' title='bbox 593 2549 659 2591; x_wconf 72' lang='lat' dir='ltr'>tit).</span> <span class='ocrx_word' id='word_1_510' title='bbox 679 2550 718 2591; x_wconf 84' lang='lat'>3.</span> <span class='ocrx_word' id='word_1_511' title='bbox 734 2563 767 2591; x_wconf 89' lang='lat' dir='ltr'>c.</span> <span class='ocrx_word' id='word_1_512' title='bbox 786 2552 825 2591; x_wconf 79' lang='lat'>8.</span> <span class='ocrx_word' id='word_1_513' title='bbox 849 2551 989 2593; x_wconf 83' lang='lat' dir='ltr'>Can-us</span> <span class='ocrx_word' id='word_1_514' title='bbox 1006 2553 1125 2593; x_wconf 78' lang='lat' dir='ltr'>locor.</span> <span class='ocrx_word' id='word_1_515' title='bbox 1151 2551 1283 2593; x_wconf 73' lang='lat' dir='ltr'>leeot.</span> <span class='ocrx_word' id='word_1_516' title='bbox 1303 2550 1369 2591; x_wconf 80' lang='lat' dir='ltr'>lib.</span> <span class='ocrx_word' id='word_1_517' title='bbox 1392 2550 1457 2590; x_wconf 79' lang='lat'>12.</span> <span class='ocrx_word' id='word_1_518' title='bbox 1474 2564 1504 2591; x_wconf 90' lang='grc'>0.</span> <span class='ocrx_word' id='word_1_519' title='bbox 1525 2549 1563 2590; x_wconf 82' lang='grc'>0.</span> <span class='ocrx_word' id='word_1_520' title='bbox 1586 2547 1627 2591; x_wconf 72' lang='grc' dir='ltr'>ἃ·</span> <span class='ocrx_word' id='word_1_521' title='bbox 1643 2548 1711 2590; x_wconf 78' lang='lat' dir='ltr'>tib.</span> <span class='ocrx_word' id='word_1_522' title='bbox 1725 2549 1764 2590; x_wconf 85' lang='grc'>6.</span> <span class='ocrx_word' id='word_1_523' title='bbox 1778 2562 1808 2589; x_wconf 87' lang='grc'>0.</span> <span class='ocrx_word' id='word_1_524' title='bbox 1828 2547 1867 2587; x_wconf 82' lang='grc'>8.</span> <span class='ocrx_word' id='word_1_525' title='bbox 1894 2546 1952 2588; x_wconf 88' lang='lat' dir='ltr'>Et</span> <span class='ocrx_word' id='word_1_526' title='bbox 1969 2545 2063 2600; x_wconf 90' lang='lat' dir='ltr'>qui-</span> 
     </span>
     <span class='ocr_line' id='line_1_43' title="bbox 124 2605 2059 2664; baseline -0.003 -15"><span class='ocrx_word' id='word_1_527' title='bbox 124 2622 287 2662; x_wconf 88' lang='lat' dir='ltr'>cunque</span> <span class='ocrx_word' id='word_1_528' title='bbox 318 2623 436 2649; x_wconf 85' lang='lat' dir='ltr'>usum</span> <span class='ocrx_word' id='word_1_529' title='bbox 458 2608 771 2661; x_wconf 84' lang='lat' dir='ltr'>Philosophiae,</span> <span class='ocrx_word' id='word_1_530' title='bbox 795 2608 990 2664; x_wconf 77' lang='lat' dir='ltr'>Logicae,</span> <span class='ocrx_word' id='word_1_531' title='bbox 1009 2611 1037 2652; x_wconf 90' lang='grc'>81</span> <span class='ocrx_word' id='word_1_532' title='bbox 1055 2608 1312 2663; x_wconf 80' lang='lat' dir='ltr'>Theologiae</span> <span class='ocrx_word' id='word_1_533' title='bbox 1329 2607 1626 2659; x_wconf 82' lang='lat' dir='ltr'>Scholasticae,</span> <span class='ocrx_word' id='word_1_534' title='bbox 1645 2622 1751 2661; x_wconf 84' lang='lat' dir='ltr'>quae</span> <span class='ocrx_word' id='word_1_535' title='bbox 1768 2605 1892 2647; x_wconf 87' lang='lat' dir='ltr'>hodie</span> <span class='ocrx_word' id='word_1_536' title='bbox 1909 2605 1953 2646; x_wconf 90' lang='lat' dir='ltr'>in</span> <span class='ocrx_word' id='word_1_537' title='bbox 1970 2618 2059 2645; x_wconf 86' lang='lat' dir='ltr'>om-</span> 
     </span>
     <span class='ocr_line' id='line_1_44' title="bbox 124 2664 2061 2722; baseline -0.001 -16"><span class='ocrx_word' id='word_1_538' title='bbox 124 2666 247 2708; x_wconf 88' lang='lat' dir='ltr'>nibus</span> <span class='ocrx_word' id='word_1_539' title='bbox 274 2667 460 2720; x_wconf 87' lang='lat' dir='ltr'>ipsorum</span> <span class='ocrx_word' id='word_1_540' title='bbox 484 2666 721 2707; x_wconf 85' lang='lat' dir='ltr'>Academiis</span> <span class='ocrx_word' id='word_1_541' title='bbox 748 2667 978 2709; x_wconf 86' lang='lat' dir='ltr'>etiamnum</span> <span class='ocrx_word' id='word_1_542' title='bbox 1002 2669 1247 2722; x_wconf 82' lang='lat' dir='ltr'>explicatur,</span> <span class='ocrx_word' id='word_1_543' title='bbox 1266 2667 1505 2708; x_wconf 87' lang='lat' dir='ltr'>defendunt.</span> <span class='ocrx_word' id='word_1_544' title='bbox 1528 2666 1670 2708; x_wconf 85' lang='lat' dir='ltr'>Etiam</span> <span class='ocrx_word' id='word_1_545' title='bbox 1693 2666 1880 2708; x_wconf 79' lang='lat' dir='ltr'>costerus</span> <span class='ocrx_word' id='word_1_546' title='bbox 1897 2664 1943 2705; x_wconf 81' lang='lat' dir='ltr'>in</span> <span class='ocrx_word' id='word_1_547' title='bbox 1960 2676 2061 2718; x_wconf 78' lang='lat' dir='ltr'>pro-</span> 
     </span>
     <span class='ocr_line' id='line_1_45' title="bbox 125 2721 2062 2781; baseline -0.002 -15"><span class='ocrx_word' id='word_1_548' title='bbox 125 2725 268 2779; x_wconf 72' lang='lat' dir='ltr'>leqom.</span> <span class='ocrx_word' id='word_1_549' title='bbox 291 2725 523 2767; x_wconf 71' lang='lat' dir='ltr'>Encluridti</span> <span class='ocrx_word' id='word_1_550' title='bbox 549 2726 578 2767; x_wconf 87' lang='grc'>81</span> <span class='ocrx_word' id='word_1_551' title='bbox 600 2725 686 2776; x_wconf 85' lang='lat' dir='ltr'>alii,</span> <span class='ocrx_word' id='word_1_552' title='bbox 715 2725 788 2779; x_wconf 89' lang='lat' dir='ltr'>qui</span> <span class='ocrx_word' id='word_1_553' title='bbox 807 2741 891 2767; x_wconf 92' lang='lat' dir='ltr'>non</span> <span class='ocrx_word' id='word_1_554' title='bbox 908 2727 989 2768; x_wconf 91' lang='lat' dir='ltr'>nisi</span> <span class='ocrx_word' id='word_1_555' title='bbox 1016 2725 1276 2781; x_wconf 81' lang='lat' dir='ltr'>argumentis</span> <span class='ocrx_word' id='word_1_556' title='bbox 1303 2725 1346 2766; x_wconf 90' lang='lat' dir='ltr'>in</span> <span class='ocrx_word' id='word_1_557' title='bbox 1374 2725 1508 2767; x_wconf 75' lang='lat' dir='ltr'>forma</span> <span class='ocrx_word' id='word_1_558' title='bbox 1529 2724 1747 2766; x_wconf 86' lang='lat' dir='ltr'>nobiscum</span> <span class='ocrx_word' id='word_1_559' title='bbox 1763 2721 2062 2777; x_wconf 86' lang='lat' dir='ltr'>disputandum</span> 
     </span>
    </p>
   </div>
   <div class='ocr_carea' id='block_1_3' title="bbox 123 2779 2061 2880">
    <p class='ocr_par' dir='ltr' id='par_1_3' title="bbox 123 2779 2061 2880">
     <span class='ocr_line' id='line_1_46' title="bbox 123 2779 2061 2879; baseline -0.002 -55"><span class='ocrx_word' id='word_1_560' title='bbox 123 2786 409 2838; x_wconf 81' lang='lat' dir='ltr'>praemonent.</span> <span class='ocrx_word' id='word_1_561' title='bbox 423 2783 490 2826; x_wconf 84' lang='lat' dir='ltr'>Ita</span> <span class='ocrx_word' id='word_1_562' title='bbox 501 2783 693 2826; x_wconf 85' lang='lat' dir='ltr'>ferebant</span> <span class='ocrx_word' id='word_1_563' title='bbox 711 2784 825 2839; x_wconf 82' lang='lat' dir='ltr'>leges</span> <span class='ocrx_word' id='word_1_564' title='bbox 842 2785 1040 2839; x_wconf 86' lang='lat' dir='ltr'>colloquii</span> <span class='ocrx_word' id='word_1_565' title='bbox 1057 2784 1375 2827; x_wconf 80' lang='lat' dir='ltr'>Ratisbonensis</span> <span class='ocrx_word' id='word_1_566' title='bbox 1393 2798 1501 2826; x_wconf 84' lang='lat' dir='ltr'>anno</span> <span class='ocrx_word' id='word_1_567' title='bbox 1522 2783 1646 2826; x_wconf 85' lang='lat'>1600.</span> <span class='ocrx_word' id='word_1_568' title='bbox 1660 2782 1734 2825; x_wconf 88' lang='lat' dir='ltr'>ubi</span> <span class='ocrx_word' id='word_1_569' title='bbox 1747 2782 1874 2824; x_wconf 85' lang='lat' dir='ltr'>etiam</span> <span class='ocrx_word' id='word_1_570' title='bbox 1885 2779 2061 2879; x_wconf 61' lang='lat' dir='ltr'>subifide</span> 
     </span>
     <span class='ocr_line' id='line_1_47' title="bbox 1929 2851 2060 2880; baseline 0 0"><span class='ocrx_word' id='word_1_571' title='bbox 1929 2853 1976 2880; x_wconf 91' lang='grc'>00</span> <span class='ocrx_word' id='word_1_572' title='bbox 2015 2851 2060 2880; x_wconf 87' lang='grc'>0-</span> 
     </span>
    </p>
   </div>
  </div>
 </body>
</html>
