2399 3084
321 87 404 128 248
457 87 602 128 D1sr.
638 86 711 127 IX.
746 86 822 127 Dr.
855 85 1044 127 STATU
1076 85 1438 126 ELECTORUM
1471 98 1614 125 ANTE
1647 83 2119 125 Convnasmnssn.

320 212 448 259 ratus,
467 208 540 262 qui
565 207 654 249 scil.
671 210 793 248 natus
818 210 880 248 est
896 211 939 248 in
962 207 1141 249 foedere.
1176 208 1215 248 3.
1234 208 1410 249 Eoelerne
1426 207 1662 248 foederatus
1681 221 1763 247 non
1779 208 1947 247 tantum
1963 204 2184 246 nativitate
2202 203 2253 244 ab

321 267 514 316 infantia,
534 266 604 307 sed
623 266 794 320 insuper
814 266 1057 307 educatione
1075 267 1104 308 81
1121 266 1217 307 fidei
1238 265 1497 320 professione
1520 266 1562 306 in
1586 265 1771 307 ecclesia.
1790 265 1829 306 4.
1862 264 2047 305 Externe
2065 263 2253 303 foedera-

321 329 401 375 tus,
435 340 517 366 11011
540 325 708 378 quidem
725 324 947 365 nativitate
971 327 1043 365 aut
1061 324 1317 373 educatione,
1341 325 1408 365 sed
1430 324 1696 365 conversione
1714 326 1886 365 externa
1904 324 1932 365 81
1950 321 2254 377 aggregatione

322 385 373 425 ad
408 383 623 425 ecclesiam
657 382 759 431 Dei3
788 397 894 436 quae
921 383 1077 437 obtigit
1098 383 1161 423 illi
1178 383 1221 423 in
1244 383 1387 424 adulta
1409 385 1561 433 aetate,
1580 397 1630 423 ex
1648 382 1926 430 Ethnicismo,
1939 383 2012 422 aut
2023 379 2049 421 J
2053 379 2255 429 udaismo,

322 445 395 483 aut
412 442 540 482 simili
559 440 867 482 abalienatione
885 456 957 482 3611
975 441 1198 495 apostasia.
1231 441 1295 482 De
1329 441 1443 495 quali
1460 441 1636 494 reprobo
1652 440 1838 495 intelligi
1854 441 2029 494 possunt
2052 439 2091 479 2.
2112 439 2195 479 Pet.
2216 438 2255 478 2.

327 503 362 543 1.
384 501 515 542 luciae
536 515 574 540 v.
594 500 632 540 4.
666 499 756 548 Quo
774 499 884 540 refer
901 500 1141 553 'exemplum
1159 499 1341 541 Simonis
1359 499 1477 554 Magi
1495 499 1630 540 Actor.
1655 499 1691 538 8.
1711 499 1777 539 13.
1810 499 1882 552 qui
1903 513 1977 552 per
1999 497 2257 550 baptismum

323 559 520 600 ecclesiae
553 558 734 598 insertus
758 557 853 599 fuit.
886 557 962 599 ΠΙ.
998 559 1215 612 Reyenitus
1234 558 1386 599 dicitur
1409 559 1445 599 1.
1479 558 1552 613 qui
1568 558 1611 598 in
1629 557 1794 599 foedere
1811 556 1893 598 Dei
1914 558 2050 605 natus,
2069 555 2120 595 ab
2139 557 2258 595 utero

319 617 465 658 matris
501 616 784 657 sanctificatus
813 619 876 657 est
906 632 981 670 per
1014 615 1220 670 Spiritum
1253 615 1310 667 S„
1335 618 1363 659 81
1386 617 1438 657 ab
1459 616 1553 657 aliis
1572 631 1655 657 non
1672 615 1875 669 regenitis
1897 615 1984 656 sive
2006 613 2149 655 electis
2173 612 2259 654 sive

319 675 507 729 reprobis
544 674 766 715 distinctus
783 689 857 728 per
874 675 1061 716 infusum
1080 690 1153 716 seu
1170 675 1422 728 impressum
1441 678 1464 716 a
1482 674 1645 728 Spiritu
1667 673 1708 715 S.
1729 676 1757 717 81
1774 674 1997 714 inhaerens
2020 687 2092 713 seu
2109 671 2259 712 imma-

319 749 420 774 nens
434 733 603 787 aliquod
613 732 780 782 donum,
791 747 864 773 seu
876 733 1059 787 gratiam
1072 733 1348 787 spiritualem3
1359 748 1465 787 quae
1478 748 1553 774 1166
1563 736 1679 774 actus
1693 733 1896 774 secundus
1911 731 1978 782 sit,
1989 745 2064 772 1166
2076 729 2260 779 habitus,

320 807 394 832 nec
413 791 632 845 dispositio
651 791 816 844 proprie
836 792 865 833 &
883 791 1319 845 praedicamentaliter
1336 792 1396 832 ita
1414 792 1537 840 dicta3
1557 792 1629 832 sed
1647 791 1805 845 concipi
1825 791 1948 831 debet
1964 792 2167 842 tanquam
2183 787 2261 828 ali-

321 850 420 904 quid
453 850 614 890 habens
650 864 693 890 36
712 849 763 889 ad
780 850 950 890 modum
968 849 1183 891 facultatis
1202 850 1435 903 spiritualis
1454 865 1527 891 seu
1551 850 1766 903 potentiae
1788 847 2132 902 supernaturalis,
2157 860 2263 899 quae

320 908 460 949 reduci
478 908 601 948 debet
619 907 671 947 ad
689 908 912 948 secundam
929 909 1109 961 speciem
1130 908 1360 962 qualitatis.
1375 908 1435 950 Ut
1452 908 1564 949 enim
1581 911 1644 949 est
1661 907 1850 961 potentia
1867 905 2073 947 naturalis
2086 904 2265 945 secunda

322 969 403 1021 (eX.
424 980 486 1020 gr.
503 965 723 1017 ingenium
742 966 953 1019 poeticum
971 967 1079 1019 quod
1098 969 1161 1007 est
1178 967 1222 1007 in
1243 966 1427 1022 Virgilio
1446 969 1519 1007 aut
1537 966 1684 1008 Ovidio
1712 965 1887 1016 infante,
1911 966 1940 1006 81
1957 965 2000 1005 111
2017 962 2176 1011 ἀμούσῳ
2193 962 2266 1003 ali-

321 1039 402 1077 quo
434 1024 649 1078 Corydone
683 1038 766 1064 non
798 1024 878 1078 est)
898 1027 921 1065 a
938 1026 1074 1078 prima
1091 1025 1311 1066 distincta:
1346 1025 1405 1066 sic
1422 1025 1521 1078 poni
1542 1027 1680 1079 potest
1696 1024 1884 1078 potentia
1901 1038 1974 1064 seu
1991 1021 2170 1062 facultas
2187 1036 2264 1062 su-

322 1082 619 1137 pernaturalis,
656 1096 763 1135 quae
799 1082 854 1123 sit
885 1098 1027 1124 semen
1050 1084 1079 1125 81
1096 1084 1215 1124 radix
1232 1083 1342 1134 fidei,
1361 1084 1463 1138 spei,
1482 1083 1671 1125 caritatis
1688 1085 1783 1137 post
1799 1082 1968 1123 modum
1984 1095 2058 1134 per
2075 1079 2264 1120 vocatio-

322 1156 417 1181 nem
453 1141 483 1182 81
516 1140 723 1181 actualem
749 1141 1064 1182 conversionem
1082 1142 1429 1191 introducendae;
1452 1157 1536 1183 non
1557 1144 1699 1182 tamen
1717 1140 1953 1182 formaliter
1971 1139 2026 1180 sit
2042 1138 2133 1192 ipsa
2149 1138 2264 1188 fides,

324 1215 396 1240 seu
430 1199 527 1240 fidei
562 1200 680 1239 actus
698 1201 770 1239 aut
793 1199 979 1250 habitus,
999 1200 1190 1253 quamvis
1213 1201 1430 1255 analogice
1449 1202 1477 1242 81
1497 1200 1774 1254 metonymice
1797 1199 1856 1240 sic
1873 1212 2174 1251 nonnunquam
2192 1211 2264 1237 vo-

323 1260 451 1307 cetur,
471 1272 518 1298 eo
538 1257 648 1311 quod
665 1256 821 1305 δυνάμει
839 1260 868 1301 81
885 1258 1123 1299 virtualiter
1140 1259 1279 1309 fidem,
1315 1274 1445 1312 spem,
1484 1258 1816 1313 resipiscentiam
1834 1257 1899 1299 &c.
1918 1257 1961 1297 111
1979 1271 2021 1297 36
2039 1255 2265 1305 contineat,

327 1320 530 1369 tanquam
547 1315 728 1356 radicale
749 1329 893 1358 earum
910 1317 1175 1370 principium.
1213 1318 1252 1358 2.
1289 1318 1372 1369 Qui
1387 1317 1560 1371 insuper
1576 1317 1827 1370 impressum
1846 1316 1951 1356 illud
1969 1314 2177 1356 charisma
2195 1328 2267 1354 seu

326 1374 623 1428 implantatam
654 1373 789 1427 primo
822 1375 982 1429 primae
1015 1375 1346 1429 regenerationis
1370 1376 1552 1417 radicem
1569 1391 1643 1429 per
1661 1375 1949 1416 educationem
1967 1373 2009 1414 in
2028 1387 2148 1414 verae
2170 1371 2268 1413 fidei

329 1434 358 1475 &
392 1432 589 1474 ecclesiae
623 1434 926 1483 communione,
960 1436 1032 1475 aut
1063 1449 1137 1487 per
1169 1435 1478 1487 qualescunque
1514 1434 1630 1475 verbi
1662 1433 1791 1474 divini
1809 1433 2000 1474 stimulos
2019 1432 2267 1485 cooperante

329 1492 446 1545 [pag.
471 1490 577 1545 404]
596 1489 705 1544 Spir.
726 1488 766 1530 S.
791 1492 1055 1542 excitatione,
1074 1492 1117 1532 in
1140 1507 1182 1533 se
1200 1493 1482 1546 pullulantem
1502 1495 1574 1533 aut
1593 1493 1743 1534 saltem
1761 1490 2154 1546 pullulaturientem
2172 1503 2266 1529 sen-

325 1550 391 1600 tit,
414 1549 443 1590 81
460 1549 683 1590 nonnullos
702 1548 835 1592 cordis
853 1553 992 1592 motus
1010 1551 1185 1591 subinde
1202 1552 1296 1602 ciet,
1315 1551 1382 1592 sed
1404 1551 1609 1601 imbelles,
1643 1551 1930 1604 incompletos,
1957 1550 1984 1591 &
2002 1548 2122 1601 quasi
2139 1546 2266 1588 infor-

325 1623 426 1658 mes,
460 1607 533 1661 qui
565 1606 798 1661 comparari
829 1608 917 1650 fere
947 1611 1117 1663 possent
1135 1609 1298 1650 actibus
1315 1609 1400 1650 illis
1418 1609 1732 1651 rudimentariis
1750 1611 1876 1662 atque
1895 1607 2144 1656 initialibus,
2163 1619 2266 1659 quos

325 1666 468 1708 Ethici
500 1668 692 1707 statuunt
715 1665 906 1709 habitum
924 1668 1178 1722 acquisitum
1211 1668 1471 1722 praecedere.
1505 1668 1637 1717 Quale
1665 1683 1768 1721 opus
1786 1665 2079 1715 conversionis,
2099 1679 2193 1706 cum
2213 1663 2268 1705 sit

326 1725 426 1766 rude
450 1724 820 1778 non—pertendenS,
839 1727 884 1767 111
901 1741 974 1767 3110
993 1741 1146 1781 genere
1166 1742 1237 1768 ens
1259 1727 1573 1780 incompletum,
1593 1727 1621 1768 &
1641 1727 1708 1767 vix
1721 1725 1918 1767 sensibile
1934 1741 1941 1774 ;
1960 1725 2060 1765 hinc
2078 1726 2140 1764 est
2158 1723 2268 1777 quod

326 1783 423 1824 talis
456 1783 672 1837 regenitus
710 1785 932 1826 actualiter
956 1800 1178 1826 conversus
1196 1786 1321 1840 vulgo
1343 1800 1427 1825 11011
1444 1786 1619 1827 dicatur.
1655 1786 1692 1826 3.
1719 1785 1800 1838 Qui
1815 1784 1859 1824 in
1876 1784 2020 1825 adulta
2041 1784 2179 1823 aetate
2201 1795 2266 1822 se-

327 1842 507 1882 cundum
539 1840 786 1882 facultatem
818 1846 841 1884 a
862 1843 998 1896 primo
1016 1843 1152 1897 prima
1164 1843 1480 1896 regeneratione
1498 1844 1760 1898 impressam,
1780 1842 2000 1884 actualiter
2022 1841 2051 1882 81
2074 1854 2266 1881 6011311111-

328 1903 439 1941 mate
472 1899 728 1940 convertitur
751 1914 774 1939 a
796 1901 983 1943 tenebris
1001 1902 1053 1942 ad
1074 1902 1223 1953 lucem,
1241 1903 1269 1944 81
1293 1904 1316 1943 a
1338 1905 1507 1956 peccato
1526 1903 1554 1944 &
1572 1902 1726 1943 mundo
1749 1902 1801 1942 ad
1823 1900 2038 1942 Christum
2054 1898 2265 1940 transfer—

328 1962 408 2009 tur,
441 1958 644 2012 impresso
678 1958 765 1998 scil.
799 1960 895 2001 fidei
927 1960 1012 2002 sive
1044 1960 1195 2001 habitu
1228 1961 1313 2002 sive
1337 1960 1622 2014 dispositione,
1655 1962 1683 2002 81
1701 1960 1864 2001 actibus
1879 1959 1976 2000 fidei
1998 1956 2268 2000 conformiter

328 2017 519 2058 excitatis
550 2031 624 2069 per
655 2016 849 2071 gratiam·
871 2018 1151 2060 conversionis
1181 2019 1405 2073 specialem
1430 2021 1457 2062 81
1476 2019 1688 2060 efficacem
1705 2022 1796 2060 tum
1812 2018 1992 2071 primam
2010 2019 2100 2057 tum
2119 2030 2266 2057 secun-

330 2076 448 2116 dam:
484 2075 555 2128 qui
590 2080 890 2128 consequenter
912 2078 1032 2118 firmo
1055 2077 1185 2118 animi
1202 2078 1413 2132 proposito
1431 2077 1598 2119 Christo
1617 2092 1660 2118 se
1682 2076 1849 2126 addicit,
1869 2076 2053 2129 seipsum
2071 2075 2268 2129 abnegat,

330 2135 357 2175 81
377 2133 653 2187 compositam
682 2148 727 2174 ac
760 2134 985 2176 formatam
1009 2135 1105 2176 fidei
1139 2151 1185 2177 ac
1217 2136 1529 2190 resipiscentiae
1562 2136 1726 2190 praxim
1758 2149 1948 2176 exercere
1979 2133 2148 2187 incipit;
2166 2133 2268 2173 adeo

330 2196 375 2233 ut
413 2195 554 2233 vetera
586 2194 866 2245 praetereant,
890 2194 1030 2235 omnia
1064 2208 1169 2235 nova
1192 2195 1309 2235 fiant.
1344 2195 1383 2236 4.
1421 2195 1504 2247 Qui
1536 2209 1610 2235 nec
1638 2194 1853 2248 regenitus
1871 2207 1946 2233 nec
1968 2191 2206 2233 foederatus
2224 2191 2268 2231 111

333 2250 528 2298 infantia,
547 2249 719 2303 insuper
741 2250 784 2292 in
804 2252 1097 2302 libertinismo,
1118 2252 1380 2300 Gentilisnm,
1396 2253 1575 2294 similive
1596 2252 1807 2306 apostasia
1824 2252 2037 2299 educatus,
2059 2250 2102 2290 111
2125 2250 2268 2290 adulta

332 2309 498 2349 demum
516 2311 589 2349 aut
607 2308 756 2349 affecta
775 2312 912 2351 aetate
932 2311 1058 2351 simul
1076 2312 1104 2352 81
1122 2311 1252 2352 3611161
1269 2314 1543 2365 regeneratur
1561 2313 1590 2353 81
1607 2310 1876 2360 convertitur,
1893 2308 2107 2362 impressis
2125 2308 2269 2349 eodem

332 2369 518 2420 tempore
538 2368 567 2408 81
585 2366 743 2408 361111116
760 2383 833 2409 3611
850 2369 1001 2419 radice,
1020 2370 1048 2410 81
1071 2369 1235 2419 habitu,
1264 2373 1291 2408 &
1324 2372 1420 2410 actu
1454 2369 1549 2410 fidei
1572 2384 1618 2410 ac
1636 2367 1884 2410 sanctitatis.
1918 2367 2000 2408 Hie
2016 2381 2115 2420 ergo
2134 2365 2269 2407 obiter

333 2425 562 2465 notandum
581 2440 723 2466 vocem
741 2427 1073 2481 regenerationis
1092 2427 1150 2467 sic
1165 2427 1359 2481 usurpari
1378 2429 1401 2468 a
1424 2426 1665 2482 Theologis,
1686 2430 1732 2468 ut
1756 2427 1877 2468 modo
1893 2428 2012 2466 notet
2029 2425 2163 2479 primo
2181 2424 2267 2477 pri-

335 2498 444 2524 mam
464 2498 570 2536 quae
592 2484 756 2525 nullum
779 2487 919 2525 actum
936 2485 1143 2539 imprimit
1165 2485 1246 2540 (uti
1278 2485 1321 2525 in
1340 2485 1615 2539 infantibus);
1650 2486 1770 2527 *modo
1787 2485 1967 2538 primam
1983 2481 2267 2537 regeneratio-

335 2556 429 2581 nem
446 2542 688 2594 peccatoris,
707 2557 812 2595 quae
830 2543 1000 2584 habitus
1019 2545 1048 2586 81
1071 2547 1188 2584 actus
1210 2544 1306 2584 fidei
1324 2559 1371 2584 ac
1388 2544 1700 2598 resipiscentiae
1727 2542 1951 2597 imprimit;
1980 2543 2008 2584 81
2025 2541 2084 2582 316
2107 2542 2130 2581 a
2146 2555 2268 2581 reno-

338 2599 515 2649 vatione,
535 2601 760 2650 vocatione,
785 2602 941 2642 actuali
959 2602 1226 2643 conversione
1245 2602 1414 2642 realiter
1433 2617 1515 2642 non
1533 2602 1695 2651 differt;
1721 2602 1839 2643 modo
1859 2603 1904 2641 ut
1921 2599 2134 2641 collective
2151 2600 2268 2643 notet

338 2659 570 2710 utrumque.
605 2657 679 2699 IV.
717 2660 809 2702 Non
825 2673 1046 2703 conversus
1065 2660 1215 2701 dicitnr
1237 2661 1273 2700 1.
1293 2660 1493 2713 reprobus
1512 2661 1597 2702 sive
1616 2660 1854 2701 foederatus
1871 2659 1956 2699 sive
1973 2672 2056 2698 11011
2078 2657 2267 2699 foedera-

336 2718 417 2764 tus,
438 2716 508 2768 qui
521 2731 733 2769 nunquam
752 2718 1020 2759 convertitur.
1056 2719 1094 2758 2.
1128 2719 1298 2760 Electus
1316 2733 1398 2758 non
1416 2718 1654 2760 foederatus
1677 2733 1751 2759 nec
1776 2717 2003 2772 regenitus
2039 2716 2076 2756 3.
2112 2716 2267 2759 electus

339 2773 573 2815 foederatus
603 2778 631 2817 8
665 2776 880 2831 regenitus
912 2777 954 2818 in
984 2776 1177 2827 infantia,
1212 2777 1283 2818 sed
1305 2778 1423 2818 extra
1440 2776 1585 2819 foedus
1604 2777 1802 2819 educatus
1818 2775 1847 2816 &
1865 2775 2021 2817 vivens.
2040 2775 2079 2816 4.
2097 2774 2270 2818 Electus

2146 2849 2275 2889 rege.-
