2399 3084
234 127 316 168 126
417 124 560 166 D1sp.
595 121 648 164 V.
684 121 759 163 AN
793 118 1060 161 CHRISTUS
1094 133 1185 168 QUA
1220 115 1507 159 MEDIATOR
1540 130 1620 157 s1'r
1652 118 1991 160 ADORANDUS?
2042 144 2046 148 -

231 249 475 297 notandum,
495 246 604 300 quod
622 245 766 286 eadem
789 246 1039 298 argumenta
1057 241 1306 283 adferuntur
1323 240 1374 281 ab
1394 239 1548 281 eximio
1567 239 1685 294 [pag.
1707 239 1813 295 533]
1825 239 2042 294 Theologo
2057 238 2178 281 Ame-

232 311 292 351 sio
314 309 431 361 Dis—12.
451 306 500 347 de
515 304 759 346 adoratione
780 303 932 344 Christi
948 303 1031 357 qna
1054 300 1322 349 mediatoris;
1341 314 1446 352 quae
1465 298 1619 339 nostris
1643 302 1930 352 opposuerunt
1946 298 2178 349 Eclzardas,

232 370 260 410 81
287 366 492 410 Osicnuter
508 363 603 406 locis
616 364 706 416 jam
728 377 758 403 0.
799 360 871 402 ΙΧ.
903 360 1133 413 Adjicimus
1157 360 1236 400 duo
1255 360 1507 413 argumenta
1530 357 1582 398 ad
1599 357 1827 399 hominem.
1866 358 2063 400 Primam
2085 371 2176 411 ary.

233 425 480 481 opponimus
515 421 925 462 Remsmstrantibus.
959 418 1028 459 Illi
1059 419 1171 459 enim
1210 419 1307 458 dum
1333 416 1652 457 Socinianorum
1676 431 1845 457 causam
1864 419 2010 471 agunt,
2030 418 2077 456 ut
2094 416 2179 456 ele-

234 488 330 527 vent
363 481 641 524 necessariam
679 480 901 521 veritatem
930 478 1097 518 articuli
1115 477 1163 517 de
1182 476 1392 517 Trinitate
1415 478 1560 516 contra
1578 490 1842 516 communem
1867 474 2180 516 Christianismi

233 558 419 591 causam,
459 541 517 581 sic
536 540 637 581 satis
656 537 944 593 philosophice
962 538 990 579 81
1013 536 1260 577 scholastice
1285 535 1552 589 distinguunt
1570 534 1612 574 in
1637 533 1763 588 Resp.
1787 535 1839 574 ad
1857 534 2068 587 Excerpta
2086 533 2179 574 DD.

238 602 526 644 Pr‹;›fessormn
558 598 825 639 Leidensimn
858 612 896 650 p.
927 598 997 636 9:⁷3.
1017 596 1068 636 ad
1087 595 1125 636 5.
1145 595 1379 648 specimen:
1403 595 1602 645 Persona,
1620 607 1702 648 qna
1722 594 1828 644 talis,
1846 607 1973 635 asam
1988 592 2183 647 praebere

234 676 318 703 non
349 667 475 715 potest
501 658 556 699 ad
573 658 744 706 vetitam,
763 656 965 710 pietatem,
990 655 1073 695 nisi
1089 662 1295 710 qnatenus
1312 666 1493 707 persona
1511 653 1583 695 illa
1600 652 1745 693 divina
1763 660 1831 702 est,
1856 652 2052 693 divinitas¹
2069 652 2178 692 enim

234 729 288 762 est
322 720 426 761 ratio
443 717 601 759 colendi
618 717 770 765 Deam,
793 728 880 756 non
897 714 1183 768 personalitas.
1208 712 1264 752 Et
1284 713 1324 752 111
1347 711 1520 753 Vedelio
1544 711 1771 765 Rhapsodo
1790 727 1828 765 p.
1849 711 1917 751 37.
1953 710 2081 753 Pater
2097 724 2181 765 qna

232 788 348 835 pater
364 778 564 819 abstracta
582 776 741 817 ratione
758 774 932 815 Deitatis
950 787 1035 814 non
1057 780 1113 813 est
1131 771 1392 813 adorandas.
1414 770 1553 811 [nfero
1572 785 1650 824 ego
1668 784 1767 824 ergo
1786 785 1861 810 nec
1879 769 2085 810 mediator
2099 784 2182 822 qua

234 839 438 880 mediator
456 836 667 876 abstracta
684 833 846 874 ratione
866 832 1035 872 deitatis
1054 834 1117 871 est
1134 831 1382 871 adorandus.
1405 829 1712 882 Consequentia
1731 829 1843 869 valet
1862 831 1886 869 3
1902 828 1995 882 pari
2013 828 2141 868 immo
2160 830 2183 868 a

235 897 383 951 majori
416 895 599 935 ratione:
633 892 712 933 nisi
741 892 821 945 ipsi
840 891 1111 945 probaverint
1130 889 1346 930 relationis
1364 888 1539 929 rationis
1558 890 1587 930 81
1606 891 1799 928 externas
1817 887 2180 928 denominationes

234 957 323 998 Deo
345 954 584 1002 attributas,
619 951 771 1005 (qualis
790 953 852 991 est
870 949 1134 1001 mediatoris)
1154 948 1289 1003 magis
1313 963 1401 988 esse
1424 947 1598 988 rationis
1617 947 1815 987 formales
1838 946 2094 987 adorationis
2114 960 2180 986 re-

237 1014 417 1070 ligionis,
451 1027 578 1065 quam
600 1010 922 1065 personalitates
948 1008 1124 1057 divinas,
1143 1007 1444 1061 paternitatem
1463 1006 1551 1047 scil.
1571 1007 1636 1048 810.
1661 1006 1798 1059 Atque
1818 1020 1900 1046 una
1923 1020 2079 1058 quaero
2098 1005 2178 1045 duo

236 1076 329 1116 ista.
355 1073 517 1122 Primo,
537 1070 620 1111 Cur
643 1070 709 1110 hic
730 1068 1041 1122 metaphysicis,
1061 1067 1240 1122 Logicis,
1264 1066 1293 1107 81
1311 1065 1572 1107 scholasticis
1595 1064 1786 1105 terminis
1803 1067 1891 1105 tam
1914 1064 2095 1105 libenter
2113 1078 2179 1104 so-

233 1135 347 1175 leant
359 1129 644 1178 ἁκριβολσγεῖν,
665 1143 758 1169 cum
772 1127 1002 1168 luminibus
1016 1125 1329 1167 Christianismi
1342 1125 1472 1165 totius
1487 1124 1528 1164 in
1541 1124 1726 1178 gratiam
1741 1123 2177 1164 Anti-trinitariorum

237 1190 536 1235 obstruendum
569 1191 650 1237 est;
683 1202 777 1228 cum
808 1201 903 1227 vero
922 1186 1022 1226 fides
1042 1185 1272 1226 Christiani
1292 1184 1514 1225 asserenda
1532 1183 1561 1224 81
1579 1182 1782 1223 haeretici
1801 1182 1844 1222 in
1865 1183 2000 1223 lucem
2021 1184 2183 1235 protra-

238 1251 363 1293 hendi
397 1249 425 1291 81
451 1246 742 1297 confundendi,
760 1246 900 1286 omnia
924 1245 1239 1285 distinctionum
1259 1248 1285 1283 ἃ
1303 1243 1579 1284 terminorum
1598 1242 1830 1296 logicorum
1848 1256 1895 1282 ac
1913 1240 2182 1282 scholastico-

239 1325 331 1352 rum
364 1308 521 1350 auxilia
543 1306 748 1347 facessere
761 1305 951 1357 jubeant,
969 1304 1098 1345 immo
1123 1305 1151 1345 ἃ
1170 1303 1382 1344 hostiliter
1398 1302 1623 1351 incessant,
1643 1302 1672 1343 81
1691 1301 1748 1341 sic
1765 1301 1817 1341 ad
1834 1299 2098 1355 ignorantiae
2119 1302 2184 1354 (ut

241 1369 409 1424 quidem
441 1381 542 1420 prae
575 1380 617 1406 se
649 1364 808 1416 ferunt)
841 1364 1005 1417 asylum
1023 1363 1135 1403 illico
1154 1361 1338 1416 profugi,
1360 1361 1643 1401 vadimonium
1662 1360 1876 1400 deserant:
1909 1358 2111 1409 Secundo,
2132 1373 2184 1398 311

242 1443 323 1470 11011
356 1427 437 1467 sibi
471 1428 544 1465 aut
575 1425 743 1465 strenue
766 1422 1054 1464 contradicant
1076 1424 1149 1462 aut
1168 1420 1409 1475 hypocrisin
1427 1420 1578 1460 saltem
1599 1419 1790 1473 prodant,
1811 1433 1905 1459 cum
1923 1418 1965 1458 in
1988 1418 2186 1472 Apologia

244 1503 318 1529 sua
349 1488 419 1529 loc.
453 1485 513 1526 cit.
549 1484 704 1533 dicunt,
733 1481 947 1523 Christum
967 1496 1055 1522 esse
1074 1480 1270 1535 religiose
1289 1479 1544 1520 adorandum
1564 1493 1646 1531 qua
1665 1478 1952 1526 mediatorem,
1972 1478 2000 1519 81
2019 1476 2187 1530 quidem

245 1561 341 1588 vero
373 1545 443 1586 sed
467 1546 609 1583 tamen
632 1541 827 1582 distincto
847 1540 1001 1580 honore
1020 1539 1276 1580 adorationis
1295 1539 1346 1579 ab
1366 1538 1452 1588 illo,
1472 1552 1554 1591 quo
1579 1537 1730 1578 colitur
1750 1535 1874 1584 Deus,
1893 1550 2018 1589 quem
2040 1538 2187 1576 vocant

243 1605 399 1646 ibidem
416 1602 599 1644 absolate
615 1601 819 1642 divinam.
839 1599 1076 1640 Sec-andam
1094 1612 1183 1652 ary.
1202 1599 1252 1639 ad
1270 1597 1485 1638 hominem
1503 1596 1753 1650 opponimus
1771 1595 1831 1636 Cl.
1855 1595 1907 1636 D.
1933 1594 2118 1645 Ainesio,
2138 1608 2187 1634 ex

244 1664 377 1719 ipsius
408 1661 623 1715 Disputat.
648 1660 697 1700 de
717 1658 971 1699 Adoratione
995 1657 1153 1699 Christi
1171 1656 1280 1697 thesi
1300 1658 1337 1697 4.
1366 1656 1592 1706 Particala,
1611 1654 1762 1707 iuquit,
1782 1662 1999 1709 qztatenttS,
2024 1654 2119 1708 qna,
2144 1653 2188 1694 in

243 1730 464 1780 quantam,
497 1719 738 1768 secandam,
776 1718 886 1773 qnod
923 1717 1030 1758 nihil
1061 1717 1245 1770 amplias
1281 1716 1323 1756 in
1352 1716 1431 1756 ista
1448 1715 1726 1769 propositione
1740 1720 1868 1768 potest
1885 1720 2041 1762 notare,
2059 1726 2187 1768 qaam

249 1782 461 1824 Christum
491 1778 759 1820 mediatorem
790 1790 874 1818 esse
905 1776 1225 1817 determination
1257 1775 1456 1828 objectam
1487 1773 1744 1815 adorationis
1768 1780 1840 1814 ant
1858 1772 1980 1813 etiam
1999 1772 2188 1828 aliquam

243 1843 399 1894 justam
430 1838 631 1880 rationem
666 1836 909 1877 adoratione
940 1836 985 1876 in
1017 1835 1150 1889 ipsias
1183 1834 1429 1875 'mediatione
1461 1833 1614 1875 Christi
1633 1832 1805 1885 reperiri
1810 1864 1817 1872 .
1858 1832 1939 1875 Nos
1961 1838 2190 1886 ‘atramque

246 1913 413 1942 sensam
431 1897 684 1951 suscipimus
701 1895 1022 1950 defendendam.
1042 1893 1173 1947 Atqui
1191 1893 1270 1934 hoc
1288 1895 1350 1933 est
1367 1895 1501 1933 totam
1519 1906 1687 1932 causam
1706 1891 1872 1931 tradere
1891 1893 1955 1945 (ut
1973 1889 2080 1930 mihi
2098 1889 2188 1943 qui-

248 1961 341 2000 dem
374 1956 554 2009 videtur)
589 1957 661 1996 aut
693 1969 773 1995 non
803 1954 977 1994 obscure
996 1952 1198 2007 profiteri,
1218 1953 1418 2006 languere
1436 1951 1545 1992 113110
1562 1953 1695 1991 totam
1713 1949 2061 2003 disceptationem
2079 1948 2188 1989 circa

248 2032 407 2059 meram
423 2017 681 2067 καινεφωυὶκυ,
706 2012 975 2060 ἀκυρολεγὶαυ,
997 2014 1265 2062 λεγομαχὶαν,
1283 2025 1367 2051 11011
1384 2013 1634 2060 σκιεμαχῐκν.
1654 2008 1795 2062 Ipsam
1813 2007 2086 2049 assertionem
2104 2007 2191 2061 ejus

249 2076 510 2118 concedimus
544 2075 572 2116 81
605 2072 858 2114 concedebat
891 2071 951 2111 Cl.
972 2070 1214 2125 Theologus
1237 2070 1322 2118 ille,
1341 2069 1406 2110 cui
1426 2068 1501 2109 has
1519 2068 1660 2108 theses
1678 2067 1918 2121 opponebat
1936 2081 1944 2108 ε
1967 2067 2038 2107 sed
2056 2065 2188 2120 parti-

250 2136 364 2178 culas
382 2134 477 2175 illas
496 2133 605 2173 male
628 2132 680 2172 ab
704 2131 794 2185 ipso
817 2130 1087 2184 explicationi
1099 2130 1187 2183 jam
1210 2129 1374 2183 positae
1392 2127 1595 2181 applicari
1614 2129 1826 2180 putamus.
1861 2125 1912 2166 X.
1937 2124 2191 2179 Subjicimus

250 2208 496 2236 consensum
514 2206 656 2232 eorum
674 2190 745 2243 qui
759 2205 806 2230 ex
824 2188 1013 2243 professo
1032 2187 1335 2230 controversias
1350 2189 1377 2229 81
1391 2186 1586 2240 strophas
1602 2185 1962 2225 Anti-trinita1·ias
1976 2184 2191 2225 examina-

251 2256 370 2294 runt:
391 2266 493 2305 quos
512 2250 637 2304 paulo
657 2249 819 2290 cautius
838 2249 905 2288 hic
924 2248 1082 2288 locutos
1100 2247 1226 2288 fuisse
1249 2246 1470 2287 indubium
1489 2247 1566 2295 est,
1585 2243 1794 2285 Zanchius
1812 2244 1930 2298 [pag.
1953 2243 2058 2298 534]
2082 2244 2189 2296 part.

253 2314 291 2353 2.
325 2313 373 2352 de
407 2311 542 2351 tribus
574 2308 745 2350 Elohim
779 2307 852 2348 lib.
879 2308 917 2348 3.
938 2322 971 2347 c.
991 2308 1029 2348 3.
1051 2307 1144 2350 Non
1160 2314 1217 2347 est
1235 2305 1443 2362 sufficiens
1459 2317 1584 2345 caasa
1601 2310 1647 2344 ‘at
1665 2303 1863 2344 adoretur
1883 2302 2071 2344 Christus
2093 2301 2191 2356 qaia

252 2371 449 2412 *mediator
467 2377 535 2410 est.
561 2368 697 2410 Causa
713 2367 824 2407 enim
841 2366 1099 2407 adorationis
1116 2366 1204 2406 sola
1221 2373 1276 2406 031
1295 2364 1435 2405 deitas.
1455 2363 1549 2404 Ideo
1567 2363 1678 2403 enim
1699 2362 1849 2403 Jehova
1857 2361 1974 2415 jabet
1996 2375 2036 2403 30
2052 2361 2189 2401 solum

253 2429 424 2471 adorari
446 2427 486 2469 80
503 2427 588 2477 coli,
607 2427 706 2482 qaia
723 2427 834 2467 30103
855 2433 911 2466 est
930 2426 1057 2473 Dens,
1075 2433 1198 2465 avator
1214 2425 1401 2465 ananiam
1426 2435 1584 2463 reram.
1613 2421 1752 2474 Qaare
1773 2421 1809 2462 si
1829 2421 2015 2462 Christus
2032 2432 2118 2460 non
2135 2426 2190 2459 est

256 2490 379 2538 Deus,
397 2486 644 2529 nullomodo
661 2493 717 2526 est
737 2484 994 2525 ‘iiwocandas
1015 2482 1054 2524 ἃ·
1071 2483 1329 2524 adorandas.
1349 2481 1406 2522 Et
1422 2480 1576 2521 ibidem
1593 2495 1600 2521 :
1622 2480 1844 2533 Objicitur,
1863 2486 1981 2533 pater
1996 2478 2194 2519 adoretur

254 2555 298 2588 ut
316 2546 463 2587 Jeliova
484 2545 524 2586 &t
539 2552 661 2585 cador
677 2544 881 2585 bonoram
903 2543 1110 2593 omnium,
1127 2543 1243 2598 silius
1261 2549 1306 2582 ‘nt
1320 2540 1522 2581 mediator
1538 2538 1834 2580 actefstrtbtnor
1850 2538 2069 2588 bonoram,
2088 2549 2193 2592 qaae

256 2607 281 2646 ὰ
312 2612 429 2659 patre
460 2604 621 2656 accepit.
654 2601 739 2643 Ubi
772 2602 816 2642 in
850 2601 1023 2656 egregia
1059 2600 1327 2654 responsione
1360 2599 1464 2639 haec
1491 2598 1602 2639 inter
1619 2597 1702 2638 alia
1724 2599 1890 2651 reponit
1907 2611 1946 2650 p.
1969 2596 2035 2636 16.
2053 2596 2131 2636 col.
2151 2595 2190 2634 9.

259 2663 394 2705 Causa
414 2663 547 2711 iniica,
571 2675 646 2703 car
661 2661 875 2702 curvanda
894 2661 977 2701 sint
993 2660 1118 2702 alictii.
1133 2673 1285 2713 901100,
1308 2672 1454 2711 nempe
1475 2658 1575 2711 attia
1591 2657 1739 2697 Jelzova
1756 2663 1830 2697 est:
1846 2669 1932 2696 non
1954 2655 2193 2709 19100001·-

257 2722 468 2763 vabantur
497 2734 632 2774 9011110
655 2720 814 2761 Christo
830 2719 1072 2774 ‹saiajadeoe
1089 2726 1158 2768 est,
1178 2719 1247 2759 sed
1263 2718 1362 2772 qitia
1381 2717 1546 2758 Jelmva.
1580 2715 1859 2769 Cartwrigtus
1878 2714 2025 2754 histor.
2048 2713 2191 2754 Euan—

259 2781 418 2835 gelicae
436 2783 542 2833 part.
568 2780 601 2819 1.
620 2793 660 2831 p.
686 2779 784 2819 321
818 2779 893 2818 Hic
909 2778 998 2818 vide
1014 2778 1050 2818 si
1066 2791 1160 2819 cain
1181 2777 1333 2832 Cyrillo
1352 2784 1458 2817 totns
1476 2776 1540 2816 liic
1561 2776 1685 2825 locas,
1703 2787 1782 2830 qao
1799 2773 2053 2814 divinitatem
2070 2784 2192 2813 suam

263 2839 446 2881 Christus
483 2837 640 2885 asserit,
659 2837 706 2877 tle
728 2836 965 2877 mediatoris·
986 2849 1164 2890 persona
1183 2836 1355 2889 intelliyi
1371 2834 1520 2885 debeat,
1542 2847 1599 2875 an
1615 2846 1710 2875 cam
1727 2831 1958 2887 Aaqustino
1972 2832 2130 2886 partim
2147 2829 2193 2870 in

1984 2897 2194 2933 aeleYYlan
