2399 3084
277 106 361 146 206
418 105 563 146 Disr.
597 103 695 146 VII.
730 103 1178 146 PROBLEMATUM
1210 117 1274 144 DE
1307 101 1542 145 Mssax'ro
1575 102 1829 145 CHRISTI
1861 103 1996 147 PAR-s
2027 104 2103 146 IV.

276 229 337 271 vis
357 231 380 269 a
396 242 494 269 voce
512 227 646 268 meriti
668 226 923 269 abstineant.
939 223 1018 266 VI.
1038 225 1174 268 Prohl.
1193 225 1459 268 AnChristus
1477 226 1557 268 dici
1574 226 1706 281 possit
1722 227 1910 269 omnium
1929 227 2223 270 salvandorum

277 287 464 340 aequalis
482 285 688 326 Mediator
706 285 735 326 &
753 283 947 326 Salvator
960 286 979 324 t>
1000 283 1118 337 Hesp.
1141 285 1236 339 Ney.
1251 284 1370 333 Quod
1379 285 1431 326 ad
1442 285 1656 333 meritum,
1669 285 2024 339 impetrationem,
2038 286 2068 329 δι
2081 287 2223 341 acqui-

276 346 469 387 sitionem
488 343 597 394 fidei,
616 343 868 393 sanctitatis,
879 342 1053 398 gloriae.
1074 341 1187 384 Nam
1201 343 1431 398 [pag.271]
1448 344 1570 398 juxta
1580 344 1973 386 determinationem
1985 345 2224 399 problema-

277 404 331 445 tis
345 402 762 458 praecedentis,quod
787 402 839 442 ad
863 401 1159 443 liberationem
1184 404 1207 442 a
1225 402 1360 455 culpa,
1380 403 1409 444 &
1428 405 1562 456 poena
1579 417 1724 444 sensus
1741 404 1968 444 secundum
1985 403 2224 445 multitudi-

277 477 370 503 nem
391 463 419 504 &
432 461 769 515 magnitudinem
784 463 1062 514 peccatorum,
1077 459 1358 514 inaequalitas
1373 463 1435 502 est
1447 461 1711 502 liberationis
1731 463 1754 502 a
1764 462 1961 516 peccatis,
1975 463 2004 505 &
2021 462 2223 516 impetra-

275 524 342 562 tae
370 522 398 563 81
423 519 672 574 applicatae:
686 518 747 561 Ut
764 519 875 560 enim
889 533 1032 560 01111163
1046 520 1075 560 81
1087 519 1246 573 singuli
1265 519 1456 560 salvandi
1474 520 1708 574 aequaliter
1725 535 1800 574 per
1817 519 1978 562 Christi
1994 521 2178 576 gratiam
2200 523 2224 562 a

275 581 542 633 peccatorum
554 577 848 633 magnitudine
861 578 890 619 &
908 577 1180 619 multitudine
1194 578 1455 632 praeservati
1469 593 1554 619 non
1571 581 1669 619 sunt
1680 579 1968 628 (conferantur
1986 594 2019 621 e.
2034 594 2096 634 gr.
2116 580 2224 621 latro

276 638 319 678 in
332 652 464 687 cruce,
479 638 507 679 82
525 636 664 678 infans
676 637 831 678 electus
844 637 1001 690 absque
1015 636 1129 676 omni
1140 639 1312 691 peccato
1326 637 1482 678 actuali
1499 637 1723 691 mortuus),
1736 637 1795 679 sic
1812 637 1940 679 etiam
1954 639 2118 692 apoena
2129 653 2223 680 sen-

276 711 344 737 sus
357 695 538 750 peccatis
552 696 750 750 cujusque
769 696 924 746 debita,
938 695 1173 748 aequaliter
1189 695 1360 736 liberati
1377 711 1459 737 non
1478 699 1598 744 sunt;
1619 696 1691 737 sed
1702 696 1774 737 ille
1794 698 1817 737 a
1833 696 1996 750 majori,
2010 696 2116 751 quae
2134 697 2223 739 scil.

276 755 457 809 peccatis
470 754 661 808 pluribus
679 756 707 796 a
724 754 955 808 majoribus
983 754 1227 804 debebatur,
1246 754 1326 795 iste
1345 756 1368 795 ἓι
1385 754 1550 796 minori.
1570 753 1689 803 Quod
1706 769 1803 796 vero
1821 755 1873 796 ad
1890 755 2181 797 liberationem
2201 759 2225 798 a

276 829 410 868 poena
428 813 582 863 damni,
606 813 794 866 aequalis
826 815 910 854 est:
944 826 1067 854 nemo
1091 813 1200 854 enim
1219 813 1369 867 majori
1387 813 1538 854 damno
1552 813 1664 854 affici
1683 816 1837 867 potest,
1851 828 1978 868 quam
1989 814 2224 868 privatione

277 872 490 913 fruitionis
522 871 602 912 Dei
639 871 682 911 in
720 871 878 912 lumine
901 871 1077 926 gloriae.
1097 870 1193 912 VII.
1217 872 1355 914 Proba.
1380 871 1553 926 Majoris
1579 872 1812 914 evidentiae
1830 887 1955 914 causa
1978 873 2221 927 adjicimus:

277 931 345 972 An
377 931 572 971 omnibus
605 930 748 971 electis
782 929 1016 983 aequaliter
1037 930 1213 972 meritus
1237 931 1292 972 sit
1305 930 1685 984 justificationem?>
1707 932 1826 985 Resp.
1845 931 2072 987 Distingue
2090 932 2133 973 in
2149 933 2222 986 ju-

277 989 528 1030 stificatione
546 989 626 1030 duo
648 991 875 1040 momenta,
896 1004 969 1030 seu
988 989 1090 1030 duas
1107 991 1263 1042 partes.
1297 988 1418 1030 Prior
1433 989 1627 1034 ,continet
1644 990 1935 1031 remissionem
1955 993 2224 1044 peccatorum

276 1048 305 1089 Sc
337 1048 645 1089 absolutionem
679 1049 701 1088 a
733 1062 868 1101 poena
904 1048 1086 1101 peccatis
1123 1048 1256 1089 debita
1277 1062 1350 1101 per
1371 1046 1411 1090 a·
1424 1056 1597 1103 propter
1612 1049 1937 1102 imputationem
1959 1049 2223 1091 obedientiae

277 1107 435 1149 Christi
471 1106 663 1160 passivae
696 1121 769 1147 seu
791 1106 1093 1148 satisfactionis
1114 1107 1400 1160 plenissimae.
1434 1107 1648 1148 Posterior
1666 1107 1853 1148 continet
1871 1107 2223 1162 adjudicationem

273 1166 379 1219 juris
400 1166 511 1206 vitae
537 1167 745 1216 aeternae,
779 1180 855 1218 per
878 1166 907 1208 &
924 1167 1094 1219 propter
1113 1165 1383 1206 sanctitatem
1405 1165 1516 1207 vitae
1535 1165 1705 1216 Christi,
1726 1181 1800 1207 seu
1813 1166 2026 1220 justitiam
2043 1167 2224 1208 activam

278 1227 423 1280 (quam
455 1224 637 1277 vocant,)
669 1223 748 1265 1100
781 1226 856 1272 est,
890 1223 1242 1278 perfectissimam
1277 1224 1384 1279 legis
1418 1239 1493 1278 pro
1510 1225 1631 1266 nobis
1649 1225 1952 1279 impletionem.
1987 1224 2052 1267 Sit
2070 1239 2170 1281 ergo
2189 1225 2224 1268 I.

283 1284 416 1326 Concl.
450 1282 568 1332 Quod
600 1283 651 1323 ad
687 1282 976 1324 remissionem
993 1286 1274 1336 peccatorum,
1305 1284 1400 1338 Negy.
1421 1282 1481 1324 Ut
1499 1283 1611 1324 enim
1627 1283 1727 1324 huic
1747 1284 1869 1337 plura
1886 1286 2056 1337 peccata
2077 1284 2223 1325 remit-

277 1344 426 1383 tuntur
458 1356 584 1395 quam
621 1340 693 1382 isti
725 1342 838 1396 (Luc.
875 1342 914 1382 7.
947 1355 1050 1383 vers.
1070 1342 1138 1382 47.
1174 1343 1350 1384 Roman.
1382 1342 1420 1383 5.
1438 1356 1543 1384 vers.
1567 1342 1654 1395 20.)
1673 1342 1731 1383 sic
1751 1357 1828 1396 per
1844 1342 2042 1384 meritum
2065 1342 2224 1384 Christi

278 1401 376 1442 huic
407 1401 541 1454 major
574 1401 603 1442 &
635 1400 846 1440 extensior
878 1401 1018 1454 gratia
1050 1400 1308 1441 remissionis
1341 1400 1568 1454 impetrata
1586 1403 1662 1451 est,
1682 1415 1808 1454 quam
1825 1401 1916 1442 isti:
1951 1401 2157 1455 siquidem
2174 1416 2224 1442 ex

278 1458 540 1513 plenitudine
579 1458 737 1500 Christi
775 1458 886 1514 (Jolz.
926 1460 961 1499 1.
998 1459 1083 1512 16.)
1103 1474 1245 1500 01111163
1265 1459 1506 1513 accipimus
1542 1461 1580 1501 2.
1620 1459 1753 1502 Concl.
1787 1459 1906 1508 Quod
1923 1460 1975 1500 ad
1992 1460 2224 1501 absolutio-

279 1532 374 1558 nem
399 1519 422 1558 3
438 1532 574 1571 poena
592 1517 683 1558 (list.
718 1515 763 1558 Si
780 1532 959 1570 poenam
982 1518 1123 1558 damni
1141 1518 1360 1572 intelligis,
1385 1519 1419 1560 A
1426 1520 1471 1574 ff
1507 1518 1755 1572 aequalitas.
1776 1517 1850 1559 Sin
1867 1532 2046 1572 poenam
2064 1533 2222 1571 sensus,

281 1577 376 1631 Neq.
402 1577 440 1617 3.
464 1577 597 1617 Concl.
632 1576 750 1624 Quod
772 1576 823 1616 ad
841 1577 1063 1617 secundam
1082 1576 1587 1630 partemjustificationis,
1622 1577 1710 1618 scil.
1730 1576 2081 1631 adjudicationem
2097 1577 2223 1629 vitae,

281 1636 375 1689 Neq.
409 1635 656 1688 aequalitas.
690 1633 749 1675 Ut
783 1634 895 1675 enim
913 1635 1047 1690 *electi
1070 1636 1350 1688 inaequaliter
1367 1635 1566 1676 fruuntur
1589 1635 1749 1689 gloria3
1773 1636 1832 1677 sic
1848 1636 2129 1689 inaequaliter
2149 1636 2221 1690 ip-

277 1694 334 1734 sis
368 1696 392 1734 a
423 1693 513 1734 Deo
530 1693 573 1733 in
587 1693 888 1747 justificatione
906 1694 974 1747 jus
993 1694 1156 1748 gloriae
1174 1694 1458 1748 adjudicatum
1481 1697 1556 1735 est.
1590 1694 1647 1735 Et
1665 1694 1699 1735 si
1717 1709 1798 1735 non
1823 1694 2085 1748 adjudicatur
2101 1694 2218 1749 ipsis,

277 1752 360 1793 nisi
389 1755 561 1806 propter
593 1752 791 1793 meritum
824 1751 982 1792 Christi
1016 1753 1118 1803 (Joh.
1150 1753 1187 1794 1.
1210 1753 1274 1793 16.
1298 1753 1334 1793 1.
1357 1753 1510 1795 Corint.
1533 1753 1570 1793 1.
1591 1753 1659 1794 30.
1684 1752 1834 1796 Coloss.
1859 1754 1899 1794 3.
1920 1753 2010 1807 10.)
2029 1753 2220 1807 sequitur

278 1810 492 1852 Christum
528 1810 627 1851 huic
657 1811 835 1865 gradum
858 1813 1057 1862 majorem
1075 1812 1236 1866 gloriae
1248 1811 1524 1865 promeritum
1543 1826 1643 1862 esse,
1663 1826 1790 1865 quam
1806 1811 1890 1853 isti.
1924 1810 2045 1853 VIII.
2080 1812 2218 1854 Probc.

279 1869 346 1910 An
364 1869 557 1910 omnibus
575 1869 718 1910 electis
736 1869 969 1923 aequaliter
986 1870 1161 1911 meritus
1180 1870 1234 1911 sit
1253 1870 1581 1920 immunitatem,
1605 1873 1677 1911 aut
1704 1871 1998 1912 liberationem
2015 1871 2222 1912 malorum

277 1928 402 1982 hujus
420 1928 531 1969 vitae
548 1930 637 1969 tam
654 1928 915 1969 internorum
939 1943 1065 1982 quam
1089 1931 1370 1979 externorum,
1401 1932 1473 1970 aut
1490 1928 1803 1984 mitigationem
1822 1929 2049 1970 eorundem
2062 1931 2081 1970 ἶ)
2103 1930 2220 1984 Hesp.

281 1988 376 2042 Neq.
411 1986 515 2028 Cum
539 1987 650 2028 enim
672 1986 786 2028 Deus
824 1990 997 2041 propter
1028 1987 1244 2028 Christum
1267 1988 1379 2028 mala
1407 1988 1547 2028 omnia
1564 1987 1734 2042 publica
1753 1990 1825 2028 aut
1842 1987 2020 2042 privata,
2041 1989 2064 2028 a
2085 1988 2221 2029 fideli-

278 2046 356 2086 bus
385 2045 563 2096 auferat‚
583 2046 654 2087 sed
671 2045 964 2099 inaequaliter,
983 2046 1119 2100 iisque
1141 2049 1306 2100 parcat3
1345 2047 1375 2088 Sc
1403 2046 1545 2087 fideles
1559 2061 1633 2100 per
1650 2047 1679 2088 a
1697 2049 1868 2100 propter
1885 2045 2100 2087 Christum
2119 2062 2221 2101 pre—

279 2105 396 2145 cibus
429 2104 514 2145 suis
547 2119 711 2158 semper
742 2107 889 2158 petant
911 2105 1223 2159 mitigationem
1251 2107 1324 2146 aut
1341 2105 1598 2146 ablationem
1616 2119 1779 2146 eorum:
1799 2105 1991 2159 sequitur
2007 2105 2223 2147 Christum

279 2163 409 2204 talem
427 2162 739 2218 mitigationem
757 2166 830 2204 ant
848 2163 1101 2204 ablationem
1122 2163 1220 2205 huic
1237 2164 1346 2217 plus,
1370 2164 1434 2204 illi
1452 2163 1590 2204 minus
1608 2164 1897 2218 promeritum.
1931 2163 2027 2205 Huc
2058 2164 2223 2219 applica

280 2221 460 2264 Roman.
495 2222 533 2262 8.
569 2222 639 2263 32.

338 2279 382 2324 2.
417 2280 490 2322 IX.
527 2280 668 2323 Psi-obl.
704 2280 772 2321 An
804 2281 948 2322 electis
981 2280 1158 2322 meritus
1181 2281 1236 2322 sit
1258 2281 1503 2322 electionem
1521 2295 1594 2322 seu
1612 2280 2041 2335 praedestinationem
2063 2282 2115 2322 ad
2131 2282 2223 2336 glo-

279 2339 386 2380 riam
409 2341 438 2381 &
471 2339 668 2394 gratiam,
704 2340 823 2393 Resp.
845 2340 940 2393 Neq.
959 2342 1022 2380 est
1040 2339 1151 2382 enim
1169 2354 1290 2380 omne
1313 2340 1525 2380 decretum
1543 2339 1623 2380 Dei
1640 2340 1837 2393 primum,
1856 2355 2080 2390 summum,
2104 2340 2223 2381 abso-

279 2398 430 2448 lutum,
449 2398 744 2451 independens,
765 2398 874 2451 quod
893 2398 1048 2439 31111110
1066 2399 1336 2439 antecedente
1355 2398 1442 2439 sive
1460 2398 1696 2439 conditione
1715 2398 1833 2453 [pag.
1868 2398 1975 2454 272]
1993 2399 2080 2440 sive
2098 2413 2223 2440 causa

281 2456 501 2510 principali
523 2456 756 2510 dependet?
775 2455 850 2497 Uti
868 2457 911 2496 in
928 2456 1106 2497 materia
1125 2458 1153 2498 &
1171 2456 1463 2498 controversiis
1486 2457 1535 2497 de
1553 2457 1782 2507 voluntate,
1802 2457 1966 2498 decreto
1983 2457 2076 2505 Dei,
2100 2471 2222 2511 prae-

282 2514 571 2565 destinatione,
601 2529 650 2556 ex
683 2514 870 2568 professo
903 2515 1085 2556 docetur.
1120 2514 1272 2556 Confer
1304 2515 1333 2556 a
1370 2514 1404 2556 Τ
1403 2515 1572 2556 lzomam
1611 2516 1647 2556 1.
1666 2523 1820 2570 quaest.
1843 2515 1908 2556 16.
1927 2515 2041 2557 artic.
2067 2514 2220 2556 5.—X.

284 2572 418 2614 Probl.
452 2572 519 2613 An
552 2573 700 2614 iisdem
718 2573 893 2614 meritus
917 2573 971 2613 sit
989 2588 1154 2617 omnem
1172 2573 1566 2627 praedestinationis
1586 2574 1795 2615 effectum.
1814 2574 1935 2628 Rcsp.
1958 2574 2052 2628 Ney.
2072 2572 2222 2627 Neque

283 2630 393 2670 enim
426 2645 508 2683 qua
545 2646 718 2684 sponsor
750 2633 779 2673 ἃ
810 2632 1016 2672 mediator
1033 2646 1108 2673 sua
1125 2631 1364 2672 obedientia
1382 2632 1557 2673 meritus
1581 2634 1644 2673 est
1661 2632 1914 2673 creationem
1932 2632 2162 2673 electorum
2178 2635 2222 2673 in

287 2688 444 2728 Adamo
478 2689 528 2729 ad
560 2690 788 2743 imaginem
822 2689 915 2740 Dei,
953 2691 983 2731 Sc
1016 2690 1248 2745 gratuitam
1281 2690 1401 2731 illam
1429 2690 1850 2741 confoederationem,
1880 2690 1909 2731 Sc
1925 2690 2221 2744 promissiones

283 2746 406 2799 primi
442 2747 602 2800 antiqui
637 2748 816 2788 foederis
836 2763 1009 2802 operum
1026 2764 1032 2796 ;
1053 2763 1128 2789 1160
1147 2748 1412 2789 dilectionem
1430 2749 1760 2789 misericordiam
1780 2749 1809 2790 80
1826 2748 2009 2803 gratiam
2026 2748 2220 2789 relaxan-

282 2807 382 2855 tem,
417 2806 641 2845 secnnduin
677 2821 803 2859 quam
826 2807 956 2847 libere
975 2809 1003 2849 &
1022 2807 1155 2860 gratis
1172 2807 1359 2847 instituit
1376 2808 1405 2849 &
1423 2807 1536 2847 dedit
1554 2807 1981 2848 electismediatorem
2003 2806 2221 2848 incarnan-

2108 2865 2222 2918 dum,
