2399 3084
422 134 739 178 DOGMArls
773 152 834 177 nE
868 135 957 179 SS.
991 136 1532 178 TR1N1TATE.PAR5
1566 153 1800 180 ALTERA.
2002 140 2083 180 112³.

141 260 245 301 talia
276 274 377 315 erga
394 259 742 300 Remonstrantes
762 260 926 301 decreto
949 259 1108 301 Illustr.
1128 259 1253 301 Ordd.
1274 259 1544 301 Generalium
1562 276 1628 302 an.
1652 262 1776 303 1619.
1796 264 1955 303 statuta
1974 266 2084 312 sunt,

143 321 172 362 Sc
205 321 304 359 tunc
337 319 386 359 ad
414 318 607 372 deinceps
626 319 861 359 executioni
884 319 1096 369 mandata,
1115 334 1190 360 nec
1209 319 1420 360 Ecclesiae
1439 322 1512 360 aut
1529 320 1839 362 concionatores
1856 321 1934 361 hoc
1950 321 2084 363 dissu-

141 378 321 427 aserint;
357 377 604 431 Anonymus
622 378 791 430 quidam
812 378 930 433 [pag.
950 378 1055 432 517]
1075 378 1116 418 in
1136 378 1279 418 libello
1298 378 1363 418 cui
1385 379 1535 419 titulus
1553 379 1735 433 Sponssia
1754 381 1923 421 Erasini
1939 380 2082 421 adver-

139 451 212 478 sas
244 437 451 490 quendam
470 436 710 476 ministrum
734 436 1148 486 R(iter-odamensem,
1168 439 1329 477 exserte
1353 438 1381 479 81
1401 437 1544 477 multis
1562 438 1795 478 rationibus
1820 439 1997 492 probare
2016 454 2084 480 co-

140 498 266 536 natur
293 495 528 535 Ecclesiam
561 495 833 536 refmanatam
851 496 893 535 in
914 495 1065 549 Belgio
1084 495 1200 535 nullo
1219 496 1340 535 modo
1359 511 1446 536 esse
1470 496 1703 537 Ecclesiam
1724 496 1816 547 Dei,
1837 497 1947 550 quod
1965 498 2084 538 doce—

140 557 205 595 ret
235 553 569 607 prohibitionem
602 557 883 594 conventuum
916 553 1323 603 Remonstrantium,
1358 557 1431 594 aut
1463 555 1614 595 saltem
1642 556 1956 608 receptaculum
1975 560 2085 597 esset

141 612 343 666 ejusmodi
379 611 724 665 Magistratuum,
757 613 828 666 qui
862 613 1075 666 praedicta
1109 613 1274 653 decreta
1312 613 1483 663 ferrent,
1512 614 1541 655 81
1564 614 1799 654 executioni
1824 615 2083 655 mandarent.

141 671 293 712 Confer
309 673 467 725 apolon.
487 686 518 711 0.
539 671 605 710 24.
625 672 695 724 sol.
716 672 813 711 273.
833 672 862 713 ἃ
878 673 1053 725 praestat.
1073 672 1102 712 81
1128 672 1244 725 Hesp.
1263 672 1318 712 ad
1339 673 1353 711 Ι
1365 672 1452 726 ’‘i-os.
1476 672 1583 713 Lee'd.
1600 686 1642 726 p.
1665 673 1731 712 53.
1752 671 1797 712 In
1819 673 1963 713 libello
1990 673 2084 714 Bel-

140 730 233 784 gico
267 730 333 770 cui
356 730 422 770 tit.
442 731 508 772 hen
527 729 681 785 erjim
699 729 904 785 „Rmnuustn
922 729 1155 786 ffljrolussunt
1170 745 1211 784 φ).
1233 730 1330 770 847.
1350 730 1493 770 (1101101
1511 731 1612 771 duas
1636 731 1730 771 illas
1760 731 1976 784 opiniones
2004 747 2084 772 no—

141 791 249 829 stras
283 789 332 828 de
360 788 639 828 decisionibus
667 788 901 828 necessario
924 789 1236 838 ci·e‹ile1]d‹)i·uin,
1264 790 1292 830 ἃ
1311 789 1359 828 de
1377 789 1661 842 prohibitione
1681 790 1908 830 1100103000
1929 805 1975 830 ac
1993 805 2084 831 coe—

140 850 261 887 tuum
288 847 571 900 cujuscunque
599 846 832 895 haereseos,
853 862 942 887 esse
959 847 1039 887 duo
1060 847 1307 900 principalia
1330 847 1464 887 fulcra
1486 847 1680 901 Papatus.
1713 849 1751 888 ζ1.
1774 849 1881 900 Quin
1905 849 2002 888 talis
2023 852 2085 889 est

142 905 342 955 doctrina,
377 905 634 958 speculativa
667 904 1032 955 Calvinianoruni,
1047 906 1154 945 tales
1172 906 1304 946 nostri
1328 905 1542 956 Doctores,
1563 921 1657 947 cum
1676 907 1845 947 asseclis
1868 907 1968 957 suis,
1987 907 2084 948 talis

141 966 254 1005 secta
287 962 873 1012 Contra·Remonstrantium,
907 967 953 1003 ut
970 979 1045 1004 nec
1070 964 1348 1004 ecclesiastice
1367 979 1441 1003 noe
1459 965 1627 1017 politice
1645 966 1862 1005 toleranda
1881 966 2083 1006 videatur.

143 1023 261 1071 Quod
294 1022 525 1075 benignum
561 1020 953 1062 Remonstranticae
987 1022 1175 1062 caritatis
1203 1023 1407 1075 judicium
1444 1024 1491 1063 de
1520 1024 1640 1064 nobis
1660 1024 1701 1063 in
1723 1024 1856 1064 lucem
1880 1025 2087 1077 protraxit

143 1082 197 1124 D.
241 1081 422 1122 Vedelefns
455 1081 654 1121 Avi-canor.
685 1088 794 1134 part.
831 1082 868 1120 2.
899 1081 967 1122 lib.
992 1082 1025 1121 1.
1044 1095 1075 1121 e.
1098 1081 1134 1121 7.
1155 1082 1191 1120 8.
1214 1082 1253 1121 9.
1274 1084 1302 1122 ἃ
1323 1082 1361 1121 in
1383 1083 1540 1135 epistol.
1560 1083 1792 1123 Demeam.
1811 1083 1866 1123 ad
1884 1084 2084 1124 Arccmor.

142 1140 473 1182 Arfma'wianismi
487 1147 662 1193 partem.
683 1139 789 1179 4.Et
807 1142 925 1192 parte
949 1140 986 1178 3.
1007 1140 1074 1180 lib.
1095 1140 1133 1179 2.
1152 1154 1182 1180 c.
1199 1140 1237 1180 S.
1258 1138 1323 1179 Ita
1337 1143 1382 1179 ut
1396 1140 1677 1193 peremptoria
1691 1141 1900 1181 conclusio
1914 1142 2084 1182 illorum

141 1200 338 1239 adversus
376 1213 450 1238 1103
484 1198 555 1238 sit:
589 1198 742 1239 Anima
766 1206 910 1239 nostra
929 1212 1013 1239 non
1030 1199 1165 1239 vmiac
1185 1199 1228 1239 m
1250 1199 1469 1240 concilium
1487 1213 1643 1240 eoram-
1668 1199 1724 1239 Et
1741 1199 1844 1239 haee
1862 1215 1942 1252 pax
1961 1203 2085 1252 atque

141 1257 239 1298 unio
272 1257 430 1298 scilicet
448 1257 742 1307 ecclesiastica,
761 1272 888 1310 quam
902 1257 1106 1297 moderati
1120 1256 1182 1296 illi
1196 1257 1388 1297 homines
1403 1261 1620 1311 tantopere
1634 1261 1828 1311 expetere
1842 1273 1884 1298 se
1904 1260 2081 1312 fingunt.

207 1316 341 1357 Tertia
359 1315 562 1369 quaestiO.
581 1315 649 1355 An
666 1314 1014 1356 Remonstrantes
1033 1316 1140 1356 serio
1158 1316 1336 1356 offerant
1356 1319 1428 1356 aut
1447 1331 1496 1356 ex
1514 1316 1821 1370 hypothesibus
1835 1317 1921 1357 suis
1935 1318 2083 1357 offerre

141 1375 171 1416 86
211 1375 434 1415 admittere
467 1374 630 1427 possint
663 1374 985 1428 syncretismum
1018 1389 1112 1415 011111
1149 1374 1342 1415 omnibus
1374 1375 1627 1415 Christianis
1646 1375 1990 1428 professionibus,
2011 1384 2084 1416 aut

141 1433 339 1474 unionem
372 1432 540 1473 dissecti
577 1432 901 1474 Christianismi.
937 1434 1056 1487 Hesp.
1098 1434 1191 1487 Nes).
1231 1441 1309 1474 uir.
1339 1432 1442 1474 Cum
1466 1434 1564 1474 solis
1583 1432 1816 1474 Socinianis
1835 1437 2032 1486 possunt;
2052 1436 2080 1476 81

140 1492 248 1532 forte
267 1506 360 1532 cum
377 1491 604 1531 nonnullis.
615 1491 911 1545 Anabaptistis
926 1492 1017 1547 (qui
1028 1507 1136 1532 nunc
1151 1492 1327 1532 audiunt
1340 1491 1781 1532 Semi-Enthusiastae
1796 1494 1824 1533 81
1838 1491 2083 1546 Sociniani).

142 1550 303 1592 Saltem
336 1565 430 1590 cum
462 1549 694 1591 pontificiis
726 1565 808 1591 non
841 1554 1016 1604 possunt
1051 1559 1139 1592 lum
1158 1553 1328 1604 propter
1346 1550 1643 1600 idololatriam,
1664 1559 1748 1591 {um
1770 1551 1869 1604 quia
1887 1552 2085 1605 dogmata

141 1609 301 1650 faciunt
318 1608 565 1658 necessaria,
590 1610 619 1650 81
638 1609 969 1662 persecutionem
987 1610 1151 1650 docent.
1186 1609 1243 1650 Ut
1266 1624 1340 1649 nec
1358 1625 1451 1650 cum
1474 1609 1738 1650 Lutheranis.
1759 1609 1821 1650 De
1846 1610 2085 1650 reformatis

137 1669 225 1721 jam
263 1667 422 1707 dictum
454 1670 529 1707 est.
564 1666 671 1707 Sunt
694 1681 794 1722 ergo
812 1668 917 1708 talia
935 1668 1062 1721 pacis,
1081 1668 1393 1712 moderationis.
1419 1683 1463 1708 ac
1481 1668 1730 1708 tolerantiae
1750 1671 1971 1721 praetensa
1989 1684 2084 1709 con-

142 1726 236 1766 silia
253 1726 440 1779 ipsorum
457 1725 565 1765 nihil
583 1725 710 1776 aliud,
730 1740 855 1778 quam
873 1741 1012 1767 merae
1030 1727 1355 1781 logodaedaliae,
1376 1729 1403 1768 81
1421 1727 1739 1781 chrestcssogiae,
1754 1727 2082 1780 (11111111310111111-

141 1784 349 1825 dentiores
372 1783 716 1825 circumveniunt.
742 1783 863 1824 Nihil
880 1785 1039 1825 habent
1055 1786 1165 1838 quod
1183 1785 1415 1837 excipiant:
1437 1785 1516 1825 nisi
1534 1785 1658 1835 forte,
1678 1800 1720 1825 se
1734 1785 2078 1835 moderationem,

140 1843 410 1883 tolerantiam
445 1844 474 1884 81
506 1842 825 1896 syncretismum
858 1843 979 1883 illum
1012 1843 1069 1884 sic
1101 1843 1354 1897 intelligere,
1380 1846 1425 1883 ut
1450 1843 1683 1884 Reformati
1703 1843 1934 1883 doctrinam
1959 1858 2079 1884 suam
2099 1883 2109 1893 ,

141 1902 365 1956 abnegent,
396 1904 469 1941 aut
500 1904 695 1954 premant
727 1901 963 1955 (speciatim
996 1901 1453 1955 quinquarticulanam)
1492 1902 1521 1942 a
1547 1902 1634 1942 sola
1654 1901 2020 1942 steincmstrantica
2038 1902 2081 1942 in

140 1959 339 2001 Ecclesiis
376 1960 505 1999 unitis
537 1962 721 2011 resonet;
754 1959 924 2013 insuper
956 1960 999 2000 in
1029 1960 1125 2000 fidei
1156 1960 1414 2009 necessariis,
1434 1963 1462 2002 ἃ
1482 1960 1724 2001 haeresibus
1747 1960 2005 2010 definiendis,
2032 1963 2077 2001 ut

142 2019 269 2059 etiam
300 2018 343 2058 in
376 2017 577 2058 Doctrina
614 2018 663 2059 de
695 2020 906 2071 potestate
942 2018 1219 2072 Magistratus
1239 2019 1487 2058 extendente
1505 2034 1548 2059 se
1568 2019 1697 2059 etiam
1720 2019 1770 2058 ad
1788 2019 2077 2059 conventicula

144 2080 352 2117 sectarum
384 2076 754 2130 privato-publica,
773 2078 802 2118 81
821 2077 869 2117 (10
889 2080 1061 2117 externa
1083 2077 1297 2117 moderata
1315 2091 1361 2117 ac
1378 2077 1612 2117 necessaria
1630 2077 1877 2117 coercitione
1894 2076 2078 2117 haereti-

143 2150 286 2176 corum
319 2135 606 2175 seducentium
638 2136 667 2176 81
698 2135 975 2186 turbantium,
1009 2135 1262 2176 sententiam
1296 2150 1413 2175 suam
1448 2138 1663 2183 revocent;
1683 2150 1809 2188 quam
1828 2138 1968 2175 tamen
1986 2150 2076 2175 cuin

144 2194 337 2234 universo
370 2192 692 2234 Christianismo
724 2196 753 2235 81
771 2194 944 2248 antiquo
962 2195 990 2235 81
1008 2194 1222 2244 hodierno,
1242 2198 1288 2233 ut
1306 2194 1433 2234 etiam
1451 2209 1541 2234 cum
1562 2194 1664 2247 ipsis
1684 2193 2078 2234 liemonstrantibus

143 2254 292 2307 (usque
312 2252 363 2291 ad
380 2266 537 2291 annum
559 2252 645 2292 scil.
674 2252 817 2306 1618.)
835 2253 994 2293 habent
1011 2268 1287 2293 communem.
1311 2252 1527 2305 Siquidem
1546 2253 1604 2292 ita
1623 2252 1846 2305 excipiant,
1856 2252 1944 2304 jam
1957 2266 2079 2292 nemo

143 2314 206 2351 031
243 2313 313 2364 qui
343 2324 425 2349 non
457 2310 596 2350 videat
628 2324 753 2363 quam
784 2311 974 2351 illusoria
1007 2312 1152 2351 sitilla
1170 2311 1413 2359 moderatio,
1433 2326 1528 2364 pax,
1547 2311 1719 2351 libertas
1738 2310 2028 2363 prophetandi,
2049 2312 2078 2352 Sc

142 2369 367 2409 tolerantia
385 2368 508 2408 aliter
525 2369 639 2422 [pag.
658 2368 763 2423 518]
783 2370 1077 2410 sentientium:
1097 2370 1252 2423 quippe
1270 2384 1375 2422 quae
1399 2370 1541 2409 eodem
1560 2384 1682 2409 sensu
1702 2368 1954 2418 Gentilibus,
1970 2367 2077 2408 Tur-

144 2427 215 2478 cis,
234 2427 260 2468 J
264 2427 407 2468 udaeis
430 2426 570 2466 offerri
587 2429 741 2479 posset,
761 2427 795 2467 si
814 2443 869 2469 sc.
887 2429 1141 2469 sententiam
1164 2443 1281 2468 suam
1301 2431 1477 2468 mutent.

204 2484 249 2529 5.
290 2486 450 2538 Quarta
484 2484 686 2537 quaestio.
718 2488 785 2525 An
818 2485 1047 2527 Juriscons.
1069 2487 1332 2528 Christianus
1352 2489 1447 2526 utut
1465 2485 1860 2526 Remonstrantibus
1879 2485 2077 2526 accedens

143 2544 186 2584 in
216 2543 646 2597 quinquarticulanis:
682 2544 930 2598 religionem
965 2560 1082 2586 suam
1105 2560 1296 2585 exercere
1315 2560 1361 2585 ac
1379 2545 1565 2597 profiteri
1584 2544 1715 2597 possit
1732 2544 1773 2583 in
1795 2545 1914 2583 coetu
1934 2543 2075 2596 aliquo

145 2601 524 2651 Remonstrantico,
543 2601 623 2641 nisi
643 2600 827 2642 Societas
845 2603 897 2643 ab
915 2604 1124 2644 erroribus
1144 2603 1345 2643 Phontini
1363 2618 1405 2643 30
1424 2603 1538 2656 prius
1556 2602 1815 2656 purgaverit.
1838 2603 1953 2655 Hesp.
1977 2602 2072 2655 Ney.

146 2661 351 2713 siquidem
383 2660 411 2701 J
414 2659 614 2700 ustiniani
648 2660 830 2700 codicem
859 2665 1069 2714 sequatur.
1103 2661 1168 2702 Ibi
1186 2662 1297 2702 enim
1320 2661 1513 2701 haereses
1532 2660 1716 2710 photini,
1737 2660 1858 2701 Pauli
1877 2658 2072 2700 Samosa-

145 2719 246 2770 teni,
276 2734 379 2772 quas
411 2718 569 2759 scilicet
590 2732 814 2759 consensus
832 2720 1028 2760 ecclesiae
1046 2721 1355 2769 condemnarat,
1374 2720 1498 2772 plane
1516 2719 1844 2772 1110301111001111.
1878 2718 2077 2766 Quaestio

148 2777 318 2828 Quinta,
357 2778 425 2818 An
458 2777 669 2817 auditores
696 2775 1041 2818 Remonstrantes
1073 2778 1371 2819 conventiculis
1391 2776 1766 2817 Remonstranticis
1785 2777 1987 2817 absistere
2005 2777 2075 2816 de-

145 2835 285 2887 beant,
318 2836 446 2876 etiam
480 2850 530 2875 ex
566 2835 658 2883 fide,
692 2835 944 2876 conscientia
980 2838 1008 2878 ἃ
1036 2837 1276 2876 definitione
1294 2835 1467 2890 genuini
1485 2837 1514 2877 &
1532 2836 1656 2890 primi
1676 2834 1860 2885 Remnm,
1880 2849 2006 2888 quam
2024 2848 2073 2874 ex

1099 2899 1122 2935 8
1937 2893 2076 2933 Grotio
