2399 3084
508 96 1668 144 13130111.130111000131131111Λ13111.
2009 105 2062 143 35³,

125 220 298 262 rendum
319 221 393 269 est,
417 233 471 259 an
489 221 605 260 actus
622 220 846 262 intrinsece
864 221 978 272 mali,
996 223 1273 265 materialiter
1291 224 1447 278 sumpti
1464 239 1539 278 per
1556 223 1827 266 autoritatem
1844 223 1923 265 Dei
1940 239 2063 278 prae-

125 278 318 333 cipientis
344 278 559 318 honestari
577 278 749 331 possint,
769 280 797 321 81
816 279 1058 321 deformitas
1075 296 1217 323 eorum
1236 282 1288 323 ab
1306 282 1357 323 iis
1375 283 1621 336 separabilis
1644 283 1699 324 sit
1716 282 1815 336 quia
1832 282 1921 324 scil.
1940 283 2066 324 hone·

125 340 211 379 stas
244 338 317 377 aut
348 335 565 389 turpitudo
601 337 689 389 ejus
718 338 898 391 pendeat
932 341 955 380 a
973 339 1156 380 dominio
1177 340 1270 383 Dei.
1291 340 1354 381 De
1372 341 1508 382 tribus
1527 341 1674 394 primis
1692 341 1924 394 praeceptis
1943 341 2064 382 deca-

126 397 213 451 logi
248 395 359 450 quod
393 395 444 434 ad
476 395 721 449 negativum
754 410 911 447 eornm,
944 397 1022 438 hoc
1044 398 1235 440 absolute
1253 400 1520 440 statuendum
1539 402 1614 440 est.
1633 399 1782 453 Neque
1800 400 1912 440 enim
1929 402 2066 453 potest

125 454 240 496 Deus
273 454 362 494 sine
395 453 675 507 abnegatione
708 454 772 494 sui
805 454 936 507 ipsius
973 456 1162 498 relaxare
1196 460 1420 511 praecepta
1439 458 1526 508 illa,
1546 460 1618 498 aut
1635 460 1850 499 creaturae
1868 458 2065 499 rationali

126 514 347 556 concedere
361 526 424 552 ex.
438 525 501 565 gr.
515 514 563 551 ut
574 511 711 552 Deum
729 513 822 553 odio
835 513 1002 564 habeat,
1016 515 1292 569 blasphemet,
1307 516 1436 556 alium
1449 516 1585 557 Deum
1602 517 1711 557 colat
1729 517 1793 558 810.
1807 515 1870 557 130
1887 517 2023 570 primo
2036 518 2066 559 &

125 573 263 622 tertio,
275 571 386 625 quod
398 571 449 611 ad
466 570 769 610 affirmativum
779 585 921 612 eorum
940 572 969 613 81
987 575 1103 614 actus
1121 574 1257 614 cultus
1274 574 1613 625 naturalis,idem
1623 574 1742 630 [pag.
1760 574 1866 629 350]
1877 577 2065 616 statuen-

125 632 248 679 dum;
272 631 330 670 sic
352 644 416 670 ex.
435 643 499 682 gr.
517 643 597 669 11011
616 630 754 682 potest
771 630 993 671 concedere
1012 634 1084 671 aut
1102 632 1356 685 dispensare,
1375 635 1421 673 ut
1438 633 1575 674 Deum
1593 647 1674 673 non
1692 633 1814 683 colat,
1837 647 1920 674 non
1937 636 2064 680 amet,

127 690 163 730 ei
177 704 260 730 11011
278 688 432 737 credat,
451 702 599 728 nomen
624 687 712 739 ejus
731 701 812 727 11011
831 689 1076 730 sanctificet.
1095 689 1176 731 Sed
1193 691 1242 731 de
1260 691 1436 732 secundo
1454 694 1676 745 praecepto
1695 691 1933 740 dubitatum
1956 692 1994 733 1.
2013 707 2065 733 an

126 763 247 789 omne
284 746 530 801 negativum
563 745 651 799 ejus
689 760 763 799 per
800 747 1076 788 mutationem
1109 749 1311 790 materiae
1333 750 1544 803 praecepti
1563 750 1703 804 aliqua
1725 749 1886 790 ratione
1909 751 2064 790 mutari

125 807 275 861 possit:
296 821 359 846 ex.
379 819 441 859 gr.
470 819 523 844 an
540 804 655 844 130113
672 804 804 858 possit
822 805 1142 847 similitudinem
1161 807 1346 861 aliquam
1372 808 1435 848 sui
1453 808 1785 862 qualemcunque
1808 811 1881 848 aut
1897 808 2065 863 signum

126 865 343 906 materiale
364 863 582 911 exhibere;
602 877 676 916 per
693 877 819 916 qnam
842 863 997 916 pictam
1015 868 1089 905 aut
1111 866 1374 907 efformatam
1391 866 1551 907 1101111111
1573 866 1650 917 1111,
1669 867 1735 908 0111
1753 881 1845 907 eam
1868 866 2065 907 exhibere

126 924 384 979 dignaretur,
418 922 581 962 licitum
615 924 724 962 esset
746 921 788 961 111
811 924 1024 975 posterum
1042 922 1178 964 Deum
1198 925 1344 965 colere.
1380 925 1419 964 2.
1453 925 1670 966 dubitatur
1692 939 1740 966 an
1762 924 2064 966 affirmativum

126 983 311 1035 ejusdem
344 980 556 1034 praecepti
587 980 622 1020 si
660 982 894 1034 exponatur
928 995 1017 1021 esse
1051 982 1187 1023 cultus
1215 982 1448 1033 institutus,
1472 982 1585 1024 Deus
1603 983 1760 1037 absque
1778 983 2064 1037 implicatione

126 1039 465 1082 contradictionis
498 1039 558 1079 ita
591 1041 755 1079 mutare
786 1041 940 1092 posset,
975 1042 1022 1080 ut
1059 1040 1212 1094 aliquis
1240 1041 1356 1081 nullo
1379 1042 1494 1082 cultu
1512 1041 1706 1082 instituto
1724 1041 1810 1083 sive
1829 1041 1882 1082 V.
1903 1042 1989 1083 sive
2006 1041 2061 1083 N.

126 1098 370 1141 testamenti
402 1099 628 1138 teneretur.
658 1096 747 1138 Nos
769 1112 850 1137 11011
870 1097 1057 1139 videmus
1076 1099 1341 1147 alterutrum,
1361 1100 1395 1140 si
1414 1099 1587 1150 dicatur,
1611 1100 1840 1154 implicare.
1864 1099 1927 1141 Ac
1947 1101 2064 1154 prius

127 1159 296 1212 quidem
333 1156 571 1211 colligimus
612 1158 700 1196 tum
741 1171 790 1196 ex
827 1156 960 1211 signis
998 1171 1070 1197 seu
1103 1157 1360 1212 imaginibus
1398 1158 1752 1209 extraordinariis,
1786 1161 1832 1199 ut
1849 1159 2065 1200 columbae

129 1217 273 1259 Maltlz,
289 1217 328 1257 3.
341 1218 432 1256 tum
445 1214 679 1264 ordinariis,
690 1217 737 1255 ut
749 1214 1002 1265 cherubinis,
1021 1217 1050 1257 81
1069 1230 1208 1256 arcam
1220 1216 1397 1257 foederis
1409 1232 1502 1258 cum
1516 1217 1820 1270 propitiatorio.
1833 1216 1896 1257 De
1909 1216 2066 1265 Quarto

128 1278 364 1330 praecepto,
393 1273 429 1314 si
457 1272 791 1323 determinatam,
811 1274 840 1315 81
864 1274 1007 1314 ordine
1026 1278 1308 1316 recurrentem
1326 1276 1505 1329 speciem
1528 1277 1726 1329 temporis
1745 1290 1791 1315 eo
1809 1275 1985 1316 describi
2002 1276 2064 1316 di-

128 1335 260 1376 cimus
294 1335 359 1388 (ut
386 1332 555 1386 quidem
579 1345 656 1385 ego
679 1332 789 1372 malo
813 1332 965 1385 dicere)
989 1332 1147 1386 absque
1164 1334 1251 1374 ulla
1269 1334 1530 1374 dubitatione
1548 1334 1828 1382 statuendum,
1853 1348 1940 1375 esse
1962 1334 2067 1375 illud

123 1394 230 1446 juris
259 1390 389 1432 divini
423 1390 607 1444 positivi.
641 1389 759 1438 Quod
791 1393 931 1431 autem
963 1393 1133 1433 Zware:
1149 1392 1200 1432 ad
1217 1395 1415 1446 quartum
1432 1395 1703 1446 praeceptum
1720 1392 1970 1433 determinat
1985 1407 2066 1433 non

127 1451 343 1505 implicare
373 1448 756 1499 contradictionem,
785 1449 819 1489 si
841 1448 956 1490 Deus
973 1449 1138 1490 1101111111
1162 1451 1375 1492 licentiam
1394 1451 1511 1492 daret
1528 1466 1602 1505 per
1618 1465 1738 1492 omne
1760 1451 1870 1491 vitae
1887 1453 2065 1504 tempus,

127 1510 256 1550 immo
288 1523 363 1562 per
393 1510 526 1548 totam
561 1507 854 1548 aeternitatem
886 1509 1050 1549 nullum
1066 1509 1223 1550 bonum
1246 1512 1405 1550 motum
1424 1510 1532 1551 circa
1548 1510 1687 1563 ipsum
1704 1524 1908 1560 exercere,
1930 1523 2064 1563 neque

128 1569 286 1610 cultum
316 1566 501 1620 aliquem
517 1565 721 1606 directum
739 1566 768 1607 ἃ
786 1567 1025 1620 proximum
1043 1567 1255 1619 exhibere,
1273 1568 1379 1609 illud
1396 1568 1497 1609 satis
1515 1568 1687 1609 crudum
1710 1569 1739 1610 81
1760 1568 1968 1609 0111103001
1985 1568 2065 1608 011-

127 1627 173 1667 111
200 1627 376 1666 videtur.
411 1624 625 1677 Siquidem
659 1625 818 1665 cultum
854 1626 883 1667 81
915 1628 1077 1666 motum
1100 1629 1319 1667 externum
1337 1627 1608 1681 intelligeret,
1627 1626 1773 1681 utique
1789 1641 2005 1680 possemus
2022 1626 2065 1667 in

128 1685 264 1726 medio
296 1683 555 1737 relinquere:
589 1683 660 1723 sed
693 1686 830 1724 motus
861 1684 1051 1725 internus
1079 1685 1113 1726 si
1144 1685 1424 1740 intelligatur,
1440 1685 1585 1726 malim
1603 1700 1697 1726 cum
1715 1685 1944 1726 Thomistis
1961 1699 2065 1725 0011-

127 1744 255 1784 nullis
288 1742 442 1783 sentire
473 1741 551 1782 hoc
583 1756 665 1781 non
684 1756 803 1795 posse
821 1742 924 1790 fieri,
943 1758 1018 1784 nec
1035 1758 1110 1797 per
1125 1744 1338 1797 propriam
1357 1744 1724 1798 dispensationem,
1744 1758 1819 1784 nec
1836 1758 1910 1797 per
1926 1746 2064 1784 muta-

127 1802 285 1843 tionem
312 1800 538 1841 materiae:
577 1799 692 1848 Quae
721 1801 848 1841 etiam
865 1801 1030 1842 videtur
1049 1817 1137 1843 esse
1155 1802 1364 1843 sententia
1385 1804 1550 1857 Gregor.
1569 1803 1617 1843 de
1649 1803 1826 1844 Valentia
1843 1802 1948 1855 disp.
1969 1809 2063 1843 lom.

127 1862 166 1902 2.
200 1861 307 1915 disp,
343 1859 380 1900 7.
410 1872 480 1913 qur.
499 1859 538 1898 4.
559 1866 714 1912 puncto
747 1859 786 1899 6.
820 1859 883 1900 De
901 1861 1135 1914 praeceptis
1155 1861 1359 1902 secundae
1375 1862 1546 1902 tabulae
1565 1861 1890 1913 disquirendum,
1913 1860 2064 1901 sintne

127 1934 176 1960 ea
199 1919 305 1972 juris
323 1917 453 1958 divini
470 1917 662 1970 positivi:
696 1918 726 1959 81
743 1921 1045 1972 consequenter
1061 1919 1196 1972 possit
1217 1935 1268 1960 ne
1286 1920 1463 1961 materia
1480 1934 1623 1960 eorum
1641 1919 1795 1960 mutari
1812 1919 1970 1972 absque
1985 1918 2065 1959 irn-

126 1977 363 2031 plicatione.
397 1975 566 2016 Zwarez
582 1975 683 2016 ibid.
707 1976 914 2017 affirmat:
944 1986 1102 2032 eoeeepco
1122 1991 1233 2019 nono
1251 1979 1298 2019 de
1316 1979 1538 2029 Α110οᾱ0οῐ0,
1562 1979 1606 2019 in
1623 1992 1702 2033 quo
1720 1978 1780 2018 ait
1795 1978 1969 2031 sortasse
1984 1991 2065 2018 esse

125 2036 339 2090 specialem«
366 2035 582 2085 rationem,
609 2036 669 2076 vel
701 2036 798 2090 quia
825 2036 945 2077 elisam
966 2044 1144 2090 respecta
1161 2037 1239 2078 Dei
1256 2037 1389 2090 ipsius
1406 2038 1565 2078 malum
1583 2037 1647 2087 sit,
1664 2038 1724 2078 rel
1742 2037 1841 2092 quia
1858 2036 1906 2077 de
1921 2049 1962 2077 se
1978 2049 2063 2077 non

127 2095 331 2135 limitatur
347 2094 402 2134 ad
417 2093 636 2134 maceriam
653 2102 845 2144 creatam,
863 2108 935 2135 nec
949 2095 1095 2149 pendet
1112 2109 1160 2136 ex
1176 2096 1358 2136 dominio
1376 2096 1454 2136 Dei
1472 2096 1515 2136 in
1533 2096 1663 2145 illam,
1675 2096 1736 2136 vel
1751 2096 2062 2148 inepersonam:

125 2153 195 2194 sed
222 2153 268 2194 ’ῖη
299 2165 545 2207 quacunque
567 2153 741 2194 'niceteria
762 2152 802 2193 ἃ·
819 2153 867 2193 de
888 2167 1134 2208 quacunque
1149 2167 1329 2208 persona
1346 2154 1425 2195 dici
1438 2162 1579 2207 potest,
1597 2155 1658 2194 vel
1674 2154 1847 2208 denique
1862 2153 1959 2208 quia
1975 2153 2062 2206 ejus

125 2212 365 2266 deformitas
392 2223 479 2252 non
510 2210 705 2264 dependet
732 2225 781 2253 eat
801 2212 882 2253 (dio
899 2212 1083 2253 dominio
1100 2214 1161 2254 vel
1177 2213 1317 2253 divino
1326 2214 1438 2266 jure,
1462 2213 1531 2253 sed
1547 2212 1684 2253 statim
1707 2212 1840 2253 oritur
1860 2225 1909 2252 em
1926 2211 2061 2252 disso-

125 2270 274 2311 mmlia
309 2269 527 2310 verbormn
559 2269 614 2309 ad
646 2278 835 2311 mentem.
870 2269 938 2311 Sic
956 2270 1043 2312 ille.
1069 2270 1131 2311 De
1149 2270 1303 2319 Quinto
1321 2273 1544 2324 praecepto
1566 2285 1648 2311 non
1666 2270 1818 2324 exigua
1836 2269 2062 2310 difficultas

125 2331 201 2379 est,
236 2343 289 2369 an
320 2328 409 2370 scil.
435 2327 569 2367 honor
585 2331 808 2381 parentum
827 2330 910 2381 qua
928 2329 1078 2369 talium
1095 2329 1229 2383 possit
1246 2329 1399 2370 mutari
1418 2330 1446 2371 81
1464 2329 1622 2369 aboleri
1638 2344 1646 2378 3
1680 2328 1740 2368 ita
1757 2330 1804 2368 ut
1820 2342 1903 2368 non
1919 2328 2061 2381 impli-

125 2389 239 2428 caret
275 2385 614 2436 contractionem,
653 2386 689 2427 si
720 2386 985 2427 omissionem
1005 2387 1130 2441 hujus
1148 2390 1279 2437 actus,
1299 2390 1371 2428 aut
1392 2387 1646 2428 contrarium
1664 2386 1778 2427 Deus
1797 2386 1923 2427 alicui
1939 2401 2061 2440 prae-

125 2445 293 2486 scribat.
326 2444 563 2487 Dm'cmdus
595 2459 689 2485 cum
724 2445 810 2485 suis
844 2444 1051 2495 affirmat3
1084 2446 1163 2486 hac
1185 2446 1359 2497 ratione,
1379 2446 1476 2498 quia
1493 2448 1540 2485 ut
1562 2447 1586 2485 a
1607 2445 1784 2485 materia
1801 2444 2060 2498 reliquorum

125 2504 328 2545 secundae
360 2503 531 2543 tabulae
562 2502 622 2542 ita
656 2504 685 2544 81
716 2503 853 2556 quinti
886 2504 1098 2557 praecepti
1130 2507 1268 2557 potest
1290 2504 1445 2544 auferri
1468 2503 1678 2543 debitum:
1699 2505 1762 2544 est
1780 2503 1889 2543 enim
1908 2503 2065 2556 depen-

125 2562 267 2603 dentia
293 2561 476 2602 hominis
493 2560 616 2601 unius
635 2561 686 2601 ab
712 2561 794 2601 alio
812 2562 1059 2615 separabilis
1078 2564 1102 2602 a
1119 2577 1379 2616 quocunque,
1398 2562 1486 2602 sola
1503 2561 1778 2614 dependentia
1798 2563 1821 2601 a
1838 2560 1926 2602 Deo
1943 2561 2060 2602 nullo

125 2621 246 2662 modo
275 2623 339 2661 est
372 2619 491 2675 [pag.
526 2619 632 2674 351]
666 2619 928 2672 separabilis.
962 2619 1043 2661 Sed
1070 2621 1243 2674 opponit
1272 2622 1454 2669 Zwarez,
1472 2619 1750 2673 inseparabile
1768 2633 1856 2660 esse
1874 2619 2060 2660 debitum

124 2679 357 2719 honorandi
388 2679 583 2731 parentes
619 2681 643 2718 a
660 2678 760 2728 filio,
779 2678 996 2731 supposita
1018 2679 1302 2732 procreatione
1320 2692 1394 2731 per
1409 2678 1514 2718 tales
1533 2680 1739 2731 parentes.
1771 2677 1828 2718 Et
1844 2680 1954 2718 certe
1970 2692 2060 2718 ma-

125 2737 199 2777 lim
215 2737 259 2777 in
276 2737 382 2777 hanc
405 2739 567 2790 partem
584 2735 784 2776 inclinare
799 2751 808 2784 3
826 2736 954 2776 immo
971 2738 1000 2778 81
1017 2737 1180 2787 addere,
1194 2737 1299 2789 juris
1317 2736 1446 2776 divini
1463 2736 1667 2776 naturalis
1685 2750 1774 2776 esse
1790 2739 2057 2789 praeceptum

124 2795 231 2836 illud
247 2796 454 2849 generale,
478 2794 588 2847 quod
605 2794 730 2835 homo
751 2797 945 2835 teneatur
962 2795 1137 2849 diligere
1154 2795 1382 2835 hominem.
1415 2794 1557 2836 Probl.
1574 2793 1693 2834 VIII.
1713 2794 1780 2834 An
1799 2795 1865 2834 lex
1884 2797 2059 2835 naturae

1082 2857 1104 2891 3
2006 2853 2060 2892 sit
