2399 3084
313 97 396 137 332
755 95 1827 141 01510111.οΕΒΑΒΒΑΤΗΟΕΤΕΕΒΉΞ.

312 219 443 260 animi
480 222 508 262 ἃ*
545 220 771 273 voluptatis
809 235 949 262 causa.
981 220 1044 262 De
1078 220 1227 275 sinapi,
1251 222 1352 273 sale,
1378 222 1472 264 vino
1490 223 1651 273 adusto,
1670 224 1799 273 aceto,
1817 222 2174 278 ligulis‚aciculis‚
2197 223 2265 266 &c‘

310 281 451 330 posset
470 278 569 318 talis
586 292 704 320 casus
722 278 916 326 incidere,
936 282 981 320 ut
998 294 1081 320 non
1100 283 1210 321 esset
1226 280 1424 323 illicitum
1442 296 1489 322 ea
1513 296 1672 322 emere:
1708 281 1780 322 sed
1799 296 1920 322 nemo
1937 281 2075 322 studio
2093 280 2136 322 in
2154 281 2263 324 diem

308 336 429 377 illum
461 337 671 378 ordinario
703 337 931 379 emtionem
961 338 1139 380 istorum
1158 354 1202 380 re
1220 354 1386 381 servare
1405 340 1541 389 debet,
1572 342 1644 381 aut
1668 340 1903 394 promiscue
1921 340 2067 394 quovis
2090 339 2155 381 die
2173 340 2260 383 sive
2309 379 2311 382 Α

308 394 542 445 Dominico,
576 395 661 437 sive
700 396 783 437 alio
815 397 1039 439 emtionem
1058 397 1087 438 St
1106 398 1388 439 venditionem
1406 413 1549 440 eorum
1565 414 1640 452 pro
1658 413 1702 440 re
1719 400 1833 449 nata,
1852 401 1925 440 aut
1941 401 2066 453 prout
2083 398 2258 441 cuilibet

307 453 350 494 10
372 457 556 495 mentem
579 455 707 505 venit,
726 469 928 497 exercere.
963 455 1044 505 Qui
1065 456 1164 498 huic
1180 457 1368 499 cacoe'tlii
1385 460 1631 499 assuescunt
1662 460 1735 498 aut
1757 458 2087 511 patrocinantur,
2110 459 2250 499 osten-

307 512 411 553 dunt
426 527 470 554 se
487 513 682 567 ignorare
703 514 786 555 vim
802 518 868 552 roi
900 523 1098 557 memento
1115 516 1195 558 diei
1213 516 1422 566 Sabbatlii,
1437 517 1502 558 810.
1522 515 1679 565 Quodsi
1696 516 1878 570 excipiat
1895 516 2000 570 quis,
2019 515 2160 557 Unam
2177 516 2244 557 hi-

307 571 529 612 rundinem
561 587 645 613 1100
672 572 809 614 facere
829 588 912 624 ver,
936 589 1012 615 1100
1031 574 1154 616 11111110
1171 575 1353 616 hominis
1371 590 1498 616 unam
1518 575 1725 617 actionem
1741 577 2032 616 transeuntem
2058 574 2102 615 in
2119 589 2262 616 emen-

308 629 359 671 do
392 645 425 671 e.
458 645 521 685 gr.
555 634 686 681 aceto,
720 634 793 672 aut
827 632 921 674 vino
955 633 1117 683 adusto,
1143 636 1215 674 aut
1237 634 1405 687 squilla,
1425 636 1497 675 aut
1515 649 1635 675 succo
1658 634 1875 684 limonum,
1894 635 1966 674 aut
1985 648 2165 685 saccaro,
2190 637 2262 676 aut

307 688 399 730 uvis
417 689 550 742 passis
569 690 634 731 810.
657 691 828 731 turbare
847 691 1056 733 Sabbathi
1074 693 1463 734 sanctificationem.
1487 692 1569 734 Sed
1586 707 1746 748 regero,
1766 707 1849 733 non
1862 707 1951 734 esse
1970 692 2261 746 quaestionem

307 747 356 788 de
389 763 471 789 uno
509 748 723 790 individuo
755 749 868 792 facto
887 755 954 788 τεῦ
981 750 1080 788 δεῖνες
1110 751 1237 805 (quod
1260 754 1402 793 tamen
1418 767 1492 806 pro
1511 755 1586 793 sua
1603 753 1721 806 parte
1740 751 1784 792 in
1800 753 1966 792 tantum
1984 751 2161 804 turbat.)
2180 750 2261 793 Sed

307 821 360 846 an
392 806 522 848 cuivis
560 806 802 849 Christiano
840 810 1059 851 conveniat
1087 810 1160 851 illo
1193 811 1258 851 die
1292 826 1424 864 aeque
1458 826 1504 852 ac
1536 811 1620 852 alio
1646 825 1712 852 res
1730 811 1826 851 illas
1844 810 2032 864 aliasque
2050 812 2260 862 centenas,

308 867 425 906 extra
452 880 595 908 casum
627 868 903 919 necessitatis,
939 884 1088 910 emere.
1124 868 1170 910 Si
1199 870 1292 924 quis
1326 870 1425 924 ajat,
1455 870 1545 924 jam
1580 869 1821 911 intervertit
1837 871 1974 910 totum
1996 867 2260 910 Sabbathum

305 924 571 966 venditorum
607 925 635 966 &
669 926 900 968 artificum:
936 927 998 968 illi
1018 928 1129 969 enim
1149 929 1201 969 ad
1220 928 1462 970 universum
1479 929 1558 970 hoc
1581 928 1781 970 vendendi
1797 943 1950 969 munus
1968 942 2043 982 pro
2066 928 2260 970 omnibus

306 983 423 1024 urbis
455 985 485 1026 ἃ*
513 985 606 1039 agri
623 985 802 1039 subjecti
819 986 966 1027 incolis
984 986 1080 1028 ilico
1097 1002 1140 1028 se
1161 987 1372 1041 alligatos,
1401 990 1429 1030 &
1447 990 1585 1029 totum
1602 988 1712 1028 diem
1730 987 1811 1028 sibi
1827 987 2039 1041 perditum
2057 987 2259 1028 sentient:

306 1044 402 1083 utut
433 1042 592 1098 singuli
620 1046 813 1096 emtores,
837 1045 1000 1087 ratione
1027 1050 1095 1083 τεῦ
1125 1045 1224 1083 &aaz
1258 1047 1476 1088 vendentis
1499 1046 1632 1101 piper,
1652 1049 1725 1088 aut
1743 1049 1921 1097 acetum,
1941 1048 2013 1086 aut
2032 1060 2260 1096 saccarum,

306 1103 379 1142 aut
397 1117 498 1143 uvas
516 1117 674 1156 passas,
694 1106 766 1144 aut
788 1104 1008 1154 lactucam,
1029 1104 1095 1145 &c.
1114 1105 1195 1145 sibi
1212 1107 1381 1146 tantum
1397 1108 1575 1160 partem,
1597 1107 1669 1146 aut
1685 1104 1938 1159 particulam
1956 1104 2038 1145 diei
2054 1104 2260 1145 interver-

305 1162 413 1201 tant.
446 1159 527 1202 Sed
559 1162 595 1203 si
627 1162 819 1217 singulae
847 1163 1036 1204 familiae
1068 1163 1111 1204 in
1129 1164 1272 1218 aliqua
1292 1165 1392 1206 urbe
1413 1165 1626 1220 degentes,
1646 1179 1740 1205 01110
1757 1163 1925 1205 rusticis
1943 1163 1986 1204 in
2012 1163 2213 1204 suburbio
2231 1163 2260 1205 &
2301 1192 2315 1207 .

306 1233 407 1273 agro
441 1219 627 1273 ejusdem
660 1221 776 1262 urbis
793 1237 962 1264 omnem
979 1222 1133 1271 cibum,
1151 1223 1293 1264 omnia
1310 1223 1498 1274 obsonia,
1518 1223 1659 1264 omnia
1673 1222 1952 1273 condimenta,
1971 1222 2111 1263 omnia
2130 1222 2258 1263 bella-

305 1276 380 1329 ria,
414 1293 581 1320 omnem
613 1282 760 1334 potum
787 1281 816 1323 81
848 1281 1070 1335 liquorem,
1109 1282 1248 1323 omnia
1281 1282 1333 1323 ad
1350 1283 1527 1333 culinae,
1547 1282 1576 1324 &
1594 1282 1676 1323 foci
1692 1280 2023 1330 calefactionem,
2043 1281 2096 1322 ad
2113 1281 2259 1323 (lomus

305 1337 615 1392 purgationem,
644 1339 697 1380 ad
722 1340 923 1381 vestitum
958 1341 987 1382 &
1019 1343 1215 1381 ornatum
1242 1342 1441 1395 corporis,
1465 1341 1552 1382 sive
1585 1340 1820 1382 necessaria
1838 1340 1924 1381 sive
1943 1340 2078 1388 utilia,
2102 1339 2177 1380 illo
2194 1339 2259 1381 die

307 1395 389 1436 sibi
421 1411 663 1451 comparare
700 1398 984 1449 instituerent,
1019 1399 1210 1440 viderent
1237 1400 1407 1454 singuli,
1446 1400 1482 1441 si
1508 1415 1590 1441 non
1624 1402 1775 1449 totum,
1796 1399 1944 1440 saltem
1964 1413 2163 1454 magnam
2177 1397 2259 1440 diei

304 1457 470 1508 partem
502 1457 712 1498 exercitiis
738 1457 909 1511 pietatis
931 1458 1255 1512 impendendam
1272 1459 1354 1500 sibi
1372 1459 1634 1500 subtractum
1650 1459 1717 1500 iri.
1749 1457 1813 1499 De
1835 1458 2150 1499 ambulatorum
2166 1471 2259 1498 cur-

304 1528 436 1567 ruque
455 1515 484 1556 &
496 1515 667 1571 navigio
684 1517 930 1568 volantium,
949 1517 1061 1558 domi
1084 1532 1183 1558 suae
1207 1517 1251 1558 in
1273 1518 1458 1559 triclinio
1476 1520 1548 1559 aut
1563 1517 1665 1559 foris
1683 1517 1727 1558 in
1743 1517 1879 1558 hortis
1899 1516 2211 1558 convivantium
2229 1516 2258 1559 86

305 1572 553 1624 ludentium,
572 1575 834 1626 saltantium,
855 1575 975 1631 [pag.
1001 1575 1135 1631 1271]
1158 1577 1404 1617 venantium
1422 1577 1593 1627 delitiis,
1622 1591 1704 1617 non
1733 1578 1796 1617 est
1818 1576 1928 1630 quod
1945 1575 2073 1616 verba
2090 1574 2256 1616 faciam.

304 1629 350 1672 Si
372 1631 445 1686 qui
463 1632 548 1673 sint
564 1633 643 1675 hac
664 1634 707 1674 in
724 1637 844 1688 parte
862 1634 1134 1676 Judaizantes
1153 1635 1219 1690 (de
1239 1650 1320 1689 quo
1340 1636 1484 1689 supra)
1502 1635 1553 1676 iis
1581 1635 1797 1676 meliorem
1815 1637 1999 1676 mentem
2015 1648 2256 1688 precamur;

304 1692 351 1730 ut
381 1691 642 1744 perditorum
672 1692 932 1735 ι1101000100]
964 1694 1511 1747 pseudo-sabbathizatione
1538 1694 1697 1745 relicta,
1717 1693 1847 1735 semel
1860 1692 2130 1735 Dominicum
2147 1693 2258 1734 diem

304 1763 397 1790 cum
421 1749 673 1793 Christianis
689 1752 887 1807 religiose
909 1755 1087 1794 servent.
1118 1752 1247 1794 Casus
1264 1753 1525 1794 necessitatis
1543 1753 1611 1794 1110
1628 1752 1917 1806 exceptionem
1934 1766 2018 1793 000
2033 1751 2154 1793 facit:
2178 1751 2259 1793 nisi

303 1806 411 1849 forte
430 1811 671 1852 aestuantes
690 1810 997 1865 hypocliondrii
1016 1826 1204 1865 vapores,
1225 1815 1298 1853 aut
1314 1826 1479 1853 morsus
1497 1812 1738 1853 tarantulae
1762 1813 1835 1852 aut
1853 1810 2013 1865 aliquid
2035 1810 2150 1851 aliud
2167 1825 2257 1852 ma-

302 1865 403 1917 lum,
425 1871 666 1922 promptam
685 1870 815 1911 animi
843 1871 872 1913 a
890 1870 1074 1924 corporis
1091 1871 1393 1912 recreationem
1411 1872 1439 1914 &
1458 1871 1802 1912 exercitationem
1818 1870 2021 1924 requirat,
2041 1883 2148 1923 quae
2167 1869 2257 1911 sine

303 1926 488 1979 periculo
505 1926 549 1967 111
567 1929 797 1970 crastinum
817 1929 976 1971 differri
992 1932 1186 1982 nequeat.
1205 1928 1345 1970 XVII.
1379 1930 1447 1970 An
1479 1928 1759 1971 recreationes
1784 1928 1976 1982 publicae
1995 1928 2255 1980 chorearum,

303 1985 332 2026 81
355 1984 559 2027 similium
576 1987 746 2029 lusuum
764 1989 961 2043 (quorum
978 2003 1105 2042 supra
1128 1988 1414 2041 meminimus)
1434 1989 1589 2043 populo
1612 1988 1898 2030 concedendae
1933 1987 2040 2028 sint:
2061 1989 2108 2028 ut
2124 2001 2254 2041 popu-

303 2042 367 2085 lus
395 2046 514 2086 tanto
551 2046 702 2088 melius
733 2046 813 2088 1100
830 2050 1023 2089 concessa
1040 2047 1237 2088 libertate
1260 2047 1303 2088 in
1325 2047 1548 2102 Religione
1566 2047 1797 2088 reformata
1810 2046 2065 2096 stabiliatur,
2085 2047 2114 2088 81
2132 2048 2156 2086 a
2173 2045 2254 2087 Pa-

304 2102 439 2154 pismo
471 2107 719 2147 avertatur?
753 2107 871 2160 Resp.
900 2105 1003 2156 Tale
1038 2106 1136 2160 quid
1168 2105 1374 2148 Sabbatbi
1407 2106 1772 2160 profanationibus
1804 2104 2014 2159 praetexit
2045 2104 2255 2146 Francisc.

305 2160 454 2204 White
475 2163 615 2217 Episc.
648 2164 831 2206 Eliensis
867 2165 910 2206 in
941 2167 1064 2206 tract.
1098 2164 1279 2220 Anglico
1313 2166 1361 2206 de
1380 2164 1598 2206 Sabbatho
1616 2180 1652 2206 a.
1674 2164 1799 2205 1635.
1828 2179 1869 2218 p.
1894 2163 1992 2205 266.
2012 2163 2084 2205 ubi
2118 2166 2177 2204 sic
2194 2163 2255 2205 lo-

305 2220 471 2273 quitur:
506 2224 592 2264 Hoc
622 2224 785 2266 videtur
808 2224 911 2266 milii
939 2225 1130 2279 primam
1162 2224 1291 2278 faisse
1313 2225 1513 2266 motivam
1542 2223 1806 2278 principibus
1838 2223 2005 2272 nostris,
2033 2230 2078 2265 uc
2096 2223 2254 2278 populo

303 2280 511 2334 quasdam
546 2283 813 2326 recreationes
845 2283 998 2338 leyibas
1036 2284 1190 2325 nostris
1207 2297 1293 2325 non
1306 2283 1537 2338 prohibitas
1554 2282 1697 2325 diebus
1713 2283 1825 2337 festis
1841 2282 2111 2324 concederent.
2146 2281 2255 2325 Nam

304 2338 340 2378 si
377 2340 609 2383 secundam
636 2342 849 2397 principia
877 2342 1187 2384 Pm’itanorain
1204 2342 1253 2383 ab
1273 2343 1388 2384 omni
1405 2343 1654 2386 recreatione
1674 2355 1739 2384 eos
1759 2341 1988 2383 cohiberent
2001 2354 2009 2381 ε
2024 2341 2109 2382 dies
2125 2341 2255 2397 festus

304 2409 428 2453 aeque
448 2399 640 2453 inqracns
657 2401 760 2455 ipsis
781 2401 991 2444 adveniret
1008 2414 1055 2442 ae
1070 2401 1154 2443 dies
1172 2402 1408 2456 operarius:
1437 2401 1579 2444 Posset
1610 2401 1783 2455 insuper
1799 2399 1954 2442 animis
1970 2399 2117 2454 populi
2129 2412 2253 2454 prae-

305 2457 427 2497 sentis
460 2457 688 2512 Reliyionis
706 2460 928 2512 fastidiam
955 2461 1210 2514 inqenerare.
1243 2459 1326 2501 Sed
1342 2475 1551 2514 nusquam
1572 2459 1687 2501 Deus
1706 2459 1856 2510 docuit,
1875 2460 1922 2499 ut
1940 2458 2094 2499 mundo
2111 2458 2140 2499 &
2162 2472 2252 2498 mo-

304 2513 420 2555 ribus
454 2517 822 2566 πατρσπκρκδέτοις
843 2519 886 2559 111
904 2518 1068 2573 Papatu
1091 2519 1269 2573 receptis
1291 2533 1366 2560 nos
1384 2518 1680 2560 conformando
1702 2517 1894 2559 homines
1907 2519 1931 2558 a
1947 2517 2101 2558 mundo
2119 2517 2149 2559 &
2170 2515 2253 2557 Pa-

304 2575 406 2624 patu
423 2574 771 2618 abalienaremus.
806 2577 919 2618 Audi
936 2577 1190 2631 Apostolum
1222 2576 1343 2619 Rom.
1369 2579 1433 2618 12.
1469 2592 1574 2619 vers.
1594 2578 1632 2618 2.
1669 2577 1727 2620 Ne
1747 2575 2085 2631 conformamini,
2109 2576 2174 2618 &c.
2195 2574 2254 2615 Et

306 2629 594 2686 Augustinum
627 2635 676 2677 de
699 2635 838 2677 verbis
864 2635 1050 2686 Domini,
1076 2633 1209 2677 Serm.
1230 2636 1270 2678 6.
1303 2636 1348 2678 δι’
1364 2636 1560 2692 quaeritis
1576 2636 1689 2678 unde
1704 2636 1929 2677 vineamur
1949 2634 2124 2688 Payani,
2143 2632 2254 2675 unde

307 2689 610 2742 illuminentur,
644 2695 757 2736 unde
773 2695 829 2736 ad
844 2695 1019 2737 salacem
1040 2703 1247 2738 vocentur.
1281 2695 1462 2737 Deserile
1482 2708 1624 2737 omnes
1641 2694 1903 2737 solennitates
1921 2694 2124 2748 ipsorum,
2142 2692 2252 2734 dese-

305 2748 381 2789 rite
396 2761 534 2804 nuyas
554 2765 698 2794 eornm
709 2769 726 2802 ,¹
746 2761 781 2795 ec
798 2753 834 2795 si
854 2767 942 2795 non
957 2754 1214 2796 consentiant
1235 2754 1396 2796 veritati
1418 2761 1596 2803 nostrae,
1614 2754 1756 2796 saltem
1769 2752 1938 2807 pudeat.
1970 2749 2020 2792 In
2037 2750 2142 2792 tales
2161 2765 2252 2792 car·

305 2806 422 2848 nales
437 2811 714 2853 recreationes
733 2811 879 2853 diebus
896 2811 1128 2856 Dominicis
1151 2813 1354 2855 exercitas
1372 2812 1629 2854 invehuntur
1648 2827 1698 2853 ex
1714 2810 1914 2853 Patribus
1928 2810 2111 2853 Clemens
2127 2809 2251 2852 Alex-

2174 2880 2254 2910 an·
