2399 3084
334 110 417 150 268
551 109 706 151 Disp.
739 109 813 153 IX.
848 108 919 151 DE
952 108 1121 151 STATU
1153 109 1469 152 ELEcronuM
1501 124 1629 152 ANTE
1662 109 2076 154 Convnasmnnm.

333 231 490 286 plaudi,
510 233 739 286 antequam
760 246 899 274 meam
916 235 1099 274 mentem
1119 233 1150 275 δι
1171 233 1452 275 intentionem
1470 248 1520 275 ex
1536 248 1603 275 me
1620 235 1906 289 perceperint:
1924 249 2062 290 neque
2079 236 2191 277 enim
2214 251 2284 278 ae-

332 290 472 344 quitas
503 291 533 333 &
569 290 723 332 caritas
758 290 999 333 Christiana
1025 292 1237 346 permittit
1268 292 1531 347 theologiam
1553 292 1730 347 alicujus
1750 308 1799 334 ex
1821 294 1945 336 nudis
1963 294 2283 349 quaestionibus

334 349 600 390 examinandi
627 351 701 390 aut
718 349 959 404 disputandi
982 353 1055 392 aut
1071 351 1331 405 disquirendi
1349 352 1378 394 δῦ
1404 352 1618 393 scrutandi
1635 352 1894 394 occasionem
1913 353 2125 404 dantibus,
2148 353 2283 395 aesti-

334 423 448 449 mare
481 408 636 462 potius,
665 423 793 462 quam
821 424 871 451 ex
908 409 1002 451 aliis
1026 410 1194 464 scriptis
1211 410 1475 464 dogmaticis,
1495 410 1736 465 exegeticis,
1756 411 1981 454 elencticis.
2001 411 2110 453 Sunt
2142 414 2284 454 autem

332 467 416 508 tria
428 467 706 521 problemata,
727 482 833 522 quae
855 468 965 510 hanc
982 469 1207 510 materiam
1225 471 1502 510 concernunt:
1532 469 1730 512 Primum
1759 470 1940 512 occurrit
1959 471 2025 512 tit.
2045 471 2095 513 de
2111 471 2284 525 praede-

334 525 575 567 stinatione.
595 526 661 568 An
677 527 905 570 surdorum
923 536 995 570 ant
1012 529 1243 570 amentium
1260 528 1570 582 foederatorum
1591 529 1643 570 sit
1661 529 1893 582 reprobatio
1910 530 1930 571 ‚9
1955 531 2051 585 Neq.
2071 528 2162 579 Quo
2179 530 2281 584 quid

332 585 481 626 velim:
517 600 644 639 supra
667 586 831 628 abunde
850 587 1037 641 exposui.
1072 587 1308 630 Secundam
1330 587 1510 629 occurrit
1532 587 1576 628 in
1593 587 1659 629 tit.
1680 588 1729 629 de
1751 587 2029 630 Foederibus:
2050 590 2114 631 An
2130 588 2285 631 Amen-

333 652 388 685 tes
409 643 450 686 a-
481 644 624 686 insani
651 644 778 699 hujus
800 646 976 699 foederis
993 647 1215 701 participes
1226 660 1309 688 esse
1324 646 1498 701 possint.
1532 645 1585 688 A.
1609 661 1644 688 c.
1662 645 1714 689 D.
1733 646 1854 696 Quod
1875 647 1918 688 in
1935 647 2124 702 collegiis
2143 647 2283 702 priva-

332 702 387 743 tis
425 703 650 756 aliquoties
683 703 843 746 habitis
865 719 939 758 per
973 705 1283 747 distinctionem
1324 705 1566 759 „discipulis
1607 705 1764 747 nostris
1803 705 1862 747 sic
1899 706 2107 759 explicare
2150 707 2282 748 soleo:

279 816 281 818 q
338 760 458 811 „Non
490 777 566 816 per
597 763 805 804 actualem
828 762 990 814 Fidem,
1024 765 1095 805 sed
1111 763 1201 818 ‘per
1218 764 1594 806 sanctificationem
1621 764 1809 818 spiritus,
1832 766 1862 807 St
1878 765 2060 806 radicem
2077 780 2125 807 ac
2142 780 2284 807 semen

338 820 483 870 „fidei:
518 821 628 874 quod
650 821 753 875 ipsis
776 822 994 877 analogice
1013 825 1075 864 est
1096 823 1198 865 fides
1216 823 1278 864 uti
1296 822 1580 865 &infantibus
1598 823 1820 865 salvandis.
1856 823 2048 865 Tertium
2068 826 2132 865 est
2148 824 2215 865 tit.
2235 824 2284 865 de

339 881 476 930 „statu
500 880 727 921 electorum
745 883 843 922 ante
862 882 1199 924 conversionem:
1233 882 1299 924 An
1330 895 1473 924 omnes
1490 883 1612 937 fatui,
1636 882 1871 937 phrenetici,
1896 883 2017 924 sardi
2032 891 2116 925 tam
2133 883 2179 924 in
2198 884 2283 938 soe-

338 939 456 988 „dere
471 952 599 994 qnam
616 948 733 981 extra
750 940 896 994 foedas
913 949 1131 984 eoeternam
1148 943 1362 984 salventur
1373 945 1395 981 ?
1421 940 1473 982 D.
1507 955 1572 995 pr.
1593 940 1648 983 N.
1667 940 1716 982 T.
1734 949 1838 996 post.
1859 940 1926 982 Ad
1939 942 2049 995 quod
2066 941 2284 995 discipulis

340 998 467 1047 „meis
484 998 593 1039 hanc
611 999 865 1040 solutionem
883 999 1060 1041 dictavi:
1078 1000 1143 1042 De
1161 1000 1387 1042 foederatis
1404 999 1535 1042 fatuis
1554 1001 1582 1043 &
1601 1000 1872 1054 phreneticis,
1892 1000 1964 1054 qui
1982 1015 2198 1054 nunquam
2216 1015 2283 1041 ra-

339 1056 476 1106 „tione
493 1056 559 1097 usi
578 1060 689 1108 sunt,
707 1057 816 1099 nihil
834 1061 949 1100 vetat
971 1059 1198 1100 affirmare.
1231 1058 1294 1100 De
1312 1058 1450 1100 surdis
1466 1059 1614 1100 itidem
1631 1058 1882 1100 inclinamus
1900 1059 1944 1100 in
1962 1059 1994 1100 A
2000 1062 2046 1116 ff
2069 1059 2156 1101 illis
2179 1059 2284 1110 scil.,

339 1115 434 1170 „qui
458 1116 545 1156 vita
577 1116 606 1158 &
639 1116 827 1159 moribus
860 1120 934 1159 aut
960 1118 1078 1159 finali
1094 1117 1418 1172 impoenitentia
1436 1132 1479 1159 se
1496 1118 1709 1172 improbos
1729 1119 1759 1160 δι
1780 1119 1978 1172 profanos
1994 1133 2078 1159 non
2097 1118 2284 1160 declara-

340 1177 476 1225 „runt
509 1173 629 1223 Quod
660 1176 713 1217 ad
744 1177 954 1230 posterius
975 1177 1043 1232 (de
1076 1177 1165 1219 scil.
1202 1176 1333 1218 fatuis
1366 1179 1486 1218 extra
1516 1173 1696 1230 foedus),
1730 1176 1765 1218 si
1789 1177 1883 1231 quis
1902 1177 2099 1228 affirmet,
2117 1179 2286 1219 tenetur

341 1233 561 1288 „probarffi
578 1235 613 1275 si
630 1235 750 1285 nolit,
768 1250 938 1290 negare,
958 1236 1029 1277 sed
1045 1236 1089 1277 in
1106 1236 1243 1278 medio
1261 1235 1493 1290 relinquat:
1512 1235 1660 1290 utique
1680 1251 1775 1278 cum
1787 1236 1861 1277 illo
1877 1250 1960 1278 non
1979 1236 2285 1278 contendimus.

335 1291 415 1335 Sed
434 1292 544 1334 dicat
561 1294 669 1348 quis,
688 1309 769 1336 non
789 1309 933 1336 omnes
952 1295 1072 1351 [pag.
1092 1295 1200 1350 430]
1219 1297 1407 1336 amentes
1426 1296 1455 1338 St
1474 1295 1620 1337 surdos
1639 1296 1663 1336 a
1678 1294 1861 1349 peccatis
1875 1295 2111 1337 actualibus
2129 1295 2284 1336 immu-

333 1366 407 1394 nes
427 1366 539 1393 esse:
572 1367 657 1394 non
685 1353 836 1395 debere
870 1368 969 1409 ergo
1002 1354 1051 1396 de
1070 1354 1272 1396 electione
1290 1369 1435 1395 eorum
1457 1353 1636 1405 definiri,
1656 1354 1727 1396 sed
1748 1353 1831 1396 Dei
1852 1354 2014 1396 occulto
2031 1353 2189 1409 judicio
2205 1353 2285 1396 hoc

334 1411 528 1464 relinqui.
564 1411 642 1453 Cui
677 1413 907 1466 respondeo
939 1428 1007 1454 me
1038 1428 1113 1467 per
1144 1421 1326 1455 amentes
1357 1412 1617 1454 intellexisse
1644 1428 1737 1455 cum
1756 1413 1953 1456 Sennerto
1975 1428 2102 1467 supra
2118 1413 2181 1456 cit.
2201 1427 2283 1464 eos,

333 1469 406 1524 qui
439 1470 667 1512 rationales
705 1474 930 1526 conceptus
948 1472 1131 1514 formare
1148 1474 1378 1526 nequeunt.
1412 1471 1524 1521 Quos
1542 1472 1634 1526 pari
1649 1472 1741 1514 loco
1758 1487 1853 1514 cum
1869 1472 2105 1514 infantibus
2122 1472 2284 1514 haben-

334 1529 406 1570 dos
426 1544 585 1570 censeo.
607 1528 687 1571 Sed
705 1530 835 1572 instet
854 1531 961 1585 quis,
978 1531 1091 1573 hunc
1110 1546 1197 1573 esse
1216 1531 1396 1573 abusum
1413 1531 1727 1573 vocabulorum.
1760 1530 1855 1586 Ego
1872 1546 1970 1573 vero
1987 1546 2151 1586 regero,
2177 1531 2284 1572 mihi

334 1588 513 1629 abusum
530 1588 733 1642 imputari
749 1604 832 1630 non
850 1604 982 1643 posse,
1003 1590 1037 1631 si
1054 1593 1222 1632 tantum
1238 1590 1282 1631 in
1300 1605 1375 1632 sua
1392 1593 1483 1632 arte
1501 1590 1717 1639 artificem,
1741 1589 1994 1632 Sennertum
2011 1591 2099 1632 scil.
2118 1592 2284 1632 secutus

333 1645 499 1688 fuerim.
533 1646 583 1688 In
599 1648 715 1689 illius
732 1647 1078 1691 Institutionibus
1095 1649 1174 1691 hoc
1191 1651 1317 1704 caput
1334 1652 1426 1690 turn
1444 1664 1585 1691 amore
1607 1649 1821 1700 scientiae,
1850 1652 1943 1691 tum
1965 1649 2139 1691 diversis
2156 1663 2283 1691 occa·

333 1705 521 1747 sionibus
558 1706 758 1748 incitatus
791 1722 915 1761 saepe
939 1708 1071 1763 legi&
1088 1708 1244 1762 relegi:
1269 1711 1316 1750 ut
1347 1708 1391 1749 in
1414 1710 1576 1763 quaest.
1607 1708 1794 1763 theolog.
1828 1708 1877 1750 de
1905 1708 2214 1763 energumenis,
2233 1707 2282 1749 de

333 1764 543 1814 lunaticis,
576 1765 625 1807 de
658 1764 817 1820 Magia,
845 1767 894 1808 de
916 1767 1237 1817 tentationibus,
1258 1767 1307 1808 de
1325 1767 1634 1809 desertionibus
1652 1767 1959 1821 spiritualibus,
1980 1767 2029 1809 de
2047 1766 2282 1809 necessaria.

333 1823 572 1877 cognitione
595 1824 705 1875 fidei,
724 1825 858 1879 deque
879 1825 1136 1878 ignorantia,
1155 1841 1293 1867 errore
1311 1826 1379 1868 &a
1396 1828 1515 1868 tanto
1533 1826 1698 1868 felicius
1716 1841 1783 1867 me
1806 1826 2058 1880 expedirem.
2091 1826 2152 1869 Ne
2173 1840 2284 1867 nunc

334 1882 503 1935 quidem
536 1883 654 1924 video
672 1898 738 1924 me
757 1899 855 1925 voce
877 1885 952 1926 illa
970 1885 1102 1926 abuti.
1137 1884 1339 1934 Quamvis
1362 1885 1473 1926 enim
1495 1884 1718 1940 philologi,
1752 1884 2056 1939 lexicographi,
2078 1884 2105 1927 J
2109 1899 2284 1926 urecon-

333 1940 434 1982 sulti
469 1941 580 1997 (vide
600 1943 783 1985 Caelium
803 1943 1118 1998 Rhodiqinnm)
1146 1944 1275 1998 &ipsi
1297 1944 1448 1986 medici
1466 1944 1670 1986 vocabula
1686 1943 2034 1994 ratiocinationis,
2053 1946 2127 1985 aut
2143 1943 2279 1998 phan-

332 1999 478 2049 tasiae,
502 2003 575 2042 aut
597 2002 824 2043 memoriae
842 2002 1029 2045 defectus
1051 2003 1243 2044 notantia
1260 2003 1374 2045 varie
1393 2003 1614 2057 accipiant,
1648 2005 1792 2056 aperte
1814 2004 1957 2044 tamen
1974 2005 2163 2044 nostram
2186 2016 2281 2044 sen-

332 2059 510 2100 tentiam
526 2060 746 2102 confirmat
763 2060 920 2103 Paulus
940 2061 1139 2104 Zacchias
1157 2062 1201 2103 in
1218 2061 1501 2103 eruditissima
1519 2063 1548 2104 &
1565 2062 1812 2115 plenissima
1828 2061 2180 2102 commentatione
2208 2075 2284 2102 sua

333 2118 382 2158 de
409 2117 635 2160 Dementia
661 2121 727 2162 Sto.
760 2134 887 2174 quam
919 2120 1049 2162 habet
1071 2121 1144 2163 lib.
1165 2121 1204 2162 2.
1223 2120 1512 2174 quaestionum
1534 2120 1926 2174 Medico-legalium
1946 2120 2013 2161 tit.
2035 2121 2072 2161 1.
2091 2119 2165 2161 ubi
2182 2134 2222 2174 q.
2244 2123 2281 2163 7.

333 2179 418 2217 tres
452 2176 710 2220 dementium
727 2179 883 2234 gradus
908 2179 1023 2229 facit,
1058 2180 1087 2222 δῦ
1120 2180 1169 2221 de
1202 2179 1329 2220 tertio
1345 2180 1381 2233 §-
1402 2178 1470 2220 34.
1489 2194 1528 2233 p.
1554 2179 1624 2221 68.
1645 2179 1704 2220 sic
1720 2178 1979 2232 pronuntiat.
2000 2178 2056 2221 In
2071 2179 2203 2233 pejori
2219 2186 2280 2220 la-

332 2249 428 2277 men
459 2236 689 2279 conditione
717 2246 829 2288 sant,
863 2238 936 2293 qni
952 2238 1025 2280 hos
1042 2238 1371 2293 subsequantur,
1405 2238 1451 2278 in
1482 2238 1634 2293 quibas
1660 2237 1835 2280 &nulla
1852 2238 1974 2286 ratio,
2002 2236 2174 2280 &nulla
2195 2251 2281 2279 om-

332 2295 435 2337 nino
467 2296 669 2337 memoria
700 2297 920 2350 reperitur,
958 2298 1070 2339 unde
1102 2297 1141 2339 a·
1172 2297 1317 2347 verbis,
1356 2295 1397 2339 ἃς
1416 2298 1539 2351 factis
1555 2311 1678 2339 ⁷snam
1700 2297 1933 2350 fatuitatem
1952 2296 2157 2351 damme,
2176 2296 2284 2338 nihil

333 2354 505 2395 omnino
536 2354 771 2402 addiscant,
806 2369 877 2396 nec
898 2356 1008 2398 civili
1023 2356 1318 2398 consuetudine
1339 2356 1543 2411 qaiqaam
1558 2356 1799 2412 proficiunt,
1823 2355 1863 2397 a·
1878 2355 1924 2397 in
1941 2369 2110 2398 samma
2127 2355 2282 2397 bonnm

333 2413 358 2452 a
390 2414 512 2462 malo,
545 2415 786 2456 conveniens
802 2414 852 2455 ab
871 2414 1184 2464 inconvenienti,
1208 2415 1357 2456 vitiam
1379 2415 1404 2455 ὰ
1421 2415 1571 2457 virtute
1587 2429 1671 2457 non
1689 2415 1973 2469 distinguant,
1991 2413 2103 2470 qaod
2122 2427 2210 2455 non
2226 2413 2282 2455 ita

333 2470 448 2513 habet
466 2473 600 2513 locam
618 2473 663 2513 in
680 2473 856 2523 caeteris,
875 2474 923 2514 de
939 2473 1037 2528 quib
1045 2487 1092 2515 as
1109 2487 1254 2527 snpra,
1274 2473 1315 2516 ἃ·
1332 2473 1479 2515 idcirco
1496 2474 1648 2522 stolidi,
1671 2472 1711 2515 a
1732 2481 1914 2516 amentes
1946 2473 2114 2527 proprie
2131 2472 2280 2514 dicitn-

336 2537 416 2579 tur,
443 2529 482 2571 {t
511 2544 586 2584 per
608 2532 895 2586 metaphoram
918 2532 1086 2586 lapides,
1111 2533 1221 2587 qaod
1237 2532 1354 2574 omni
1370 2545 1495 2574 sensa
1511 2533 1572 2574 vel
1592 2533 1651 2575 ati
1672 2532 1828 2586 Iapides
1848 2532 2027 2574 distituti
2043 2531 2280 2580 rideantur,

335 2602 415 2641 qao
437 2590 606 2630 nominc
622 2604 717 2632 cam
739 2591 1000 2633 stoliditatem
1016 2591 1144 2632 alictii
1158 2591 1390 2644 objicimus,
1412 2592 1588 2642 utimar,
1620 2598 1666 2633 nt
1690 2591 1823 2645 facere
1838 2591 1952 2633 visas
1969 2597 2026 2632 est
2041 2589 2221 2631 Plautus
2238 2588 2282 2630 in

334 2646 507 2687 Poenul.
542 2647 636 2689 Act.
670 2649 818 2702 primo.
854 2648 986 2691 Scena
1009 2650 1049 2690 2.
1068 2651 1133 2692 &a
1153 2651 1262 2691 Haec
1282 2650 1442 2705 affectio
1468 2650 1632 2693 Graecis
1650 2649 1777 2703 Anija
1799 2649 1906 2691 dicta
1922 2656 1991 2699 est,
2010 2648 2280 2703 quemadmo-

332 2704 435 2746 dam
467 2707 658 2759 superior
674 2709 861 2757 morosis,
894 2709 980 2750 licet
1006 2716 1229 2764 atramque
1244 2722 1398 2750 nomen
1414 2722 1491 2763 pro
1513 2709 1655 2750 eadem
1671 2708 1884 2764 affectione
1899 2707 2027 2761 accipi
2046 2706 2163 2761 apad
2178 2720 2278 2748 αιισ-

335 2770 439 2804 tores
470 2765 691 2819 contiiiqat,
723 2768 824 2807 Tam
859 2781 948 2809 vero
981 2767 1037 2817 hi,
1069 2781 1195 2822 qaam
1219 2768 1451 2821 superiores
1470 2768 1571 2823 (licet
1588 2768 1753 2822 utrique
1770 2767 1934 2821 majori,
1952 2773 2024 2808 aat
2041 2764 2198 2806 minori
2213 2765 2280 2819 sa-

334 2822 474 2863 taitatc
490 2823 718 2878 aliqnando
729 2826 988 2881 afficiantar,
1007 2839 1103 2868 cum
1124 2826 1343 2882 utriusque
1359 2827 1568 2881 passionis
1591 2826 1743 2870 dentur
1758 2824 1933 2882 qnidam
1954 2825 2114 2880 qradas
2130 2836 2278 2924 secyn-

2209 2895 2283 2926 um
