2399 3084
260 130 404 172 D1sP.
439 128 538 171 VII.
569 129 1017 171 PROBLEMATUM
1048 144 1112 171 DE
1143 129 1377 172 MERI'ro
1410 130 1661 174 Cnnxsm
1693 132 1825 175 PARS
1858 133 1912 176 II.
1969 135 2049 175 193

113 253 198 305 riti,
211 251 509 295 satisfactionis
523 267 532 301 ;
550 251 676 307 idque
692 266 776 294 non
793 266 913 307 vage,
931 252 1162 304 indefinite,
1179 252 1516 305 indeterminate,
1534 254 1842 307 universaliter,
1859 256 2050 298 absolute

113 312 202 356 &in
223 325 280 362 se,
298 311 370 352 sed
386 310 675 362 determinate,
694 311 878 362 definite,
898 310 1183 366 singulariter,
1201 312 1333 353 relate
1356 312 1408 353 ad
1425 313 1588 366 objecta
1610 328 1697 364 sua,
1730 316 1820 355 tum
1839 315 1958 368 cujus
1976 330 2052 356 seu

113 370 224 427 quod
254 369 297 410 h.
331 383 366 410 e.
399 369 451 410 ad
481 368 563 410 ista
597 369 627 410 &
648 369 729 410 ista
745 371 930 423 peccata,
948 383 1176 423 eorumque
1198 370 1498 422 remissionem,
1522 372 1551 413 &
1576 372 1628 412 ad
1648 372 1751 413 istas
1774 373 1923 414 &istas
1941 374 2051 414 vitae

114 431 307 471 aeternae
345 441 418 468 seu
450 427 610 482 gloriae
629 442 815 479 coronas,
832 427 917 469 imo
941 429 970 470 &
1003 427 1055 469 ad
1075 427 1178 469 istas
1198 429 1316 483 [pag.
1341 429 1448 484 254]
1467 430 1672 482 aureolas,
1690 433 1738 471 ut
1759 432 1788 472 &
1806 432 1966 485 gratias
1984 432 2053 486 ju-

113 487 341 530 stificantes
358 485 728 539 proportionaliter
743 486 1042 540 impetrandas,
1061 487 1332 540 acquirendas
1351 503 1360 537 ;
1379 490 1471 528 tum
1491 488 1558 530 cui
1583 502 1656 530 seu
1675 502 1754 543 pro
1770 504 1863 544 quo,
1877 492 1950 531 aut
1963 491 2051 532 loco

114 547 245 600 cujus.
264 543 416 586 Relata
433 542 655 598 Sponsoris
673 559 746 585 seu
768 543 898 596 vadis,
917 546 946 587 &
964 545 1065 598 ejus,
1083 559 1158 598 pro
1176 559 1258 599 quo
1275 545 1561 587 vadimonium
1578 547 1768 588 oblatum
1784 551 1858 589 aut
1875 548 2052 599 obitum,

113 605 211 653 πρὲς
234 601 743 654 ἁντιστρέφοντα·λέγονται,
759 602 802 643 id
819 604 894 653 est,
912 605 1010 644 sunt
1030 603 1241 657 reciproca
1259 605 1288 646 &
1305 605 1560 659 adaequata:
1584 605 1708 646 sicuti
1725 605 1753 647 81
1765 607 1898 648 relata
1915 607 2056 648 meriti

115 677 163 704 ac
179 661 378 717 praemii3
409 661 470 702 ita
487 663 534 702 ut
551 663 664 702 certa
680 660 784 702 haec
802 660 960 703 Christi
977 661 1128 703 merita
1144 661 1226 702 sint
1243 662 1421 704 istorum
1443 665 1651 704 certorum
1668 665 1950 718 praemiorum
1966 665 2054 720 pri-

115 736 232 762 mum
263 720 344 762 sibi
380 722 585 773 tanquam
602 719 732 773 capiti
749 718 779 760 &
796 719 1041 768 πρωτεύοντι,
1068 720 1214 761 deinde
1233 722 1262 763 &
1279 721 1457 776 singulis
1475 722 1686 764 salvandis
1703 725 1906 777 tanquam
1922 739 2055 765 mem-

114 780 202 821 bris
225 779 311 820 suis
333 777 697 827 conferendorum;
716 777 746 819 &
768 777 873 819 haec
890 777 1079 832 praemia
1095 778 1179 820 sint
1195 779 1372 820 istorum
1389 780 1659 822 meritorum:
1680 782 1885 835 quomodo
1900 782 1944 822 in
1961 782 2056 823 aliis

116 838 311 880 omnibus
343 836 488 877 relatis
513 835 618 877 haec
649 850 754 877 uxor
786 838 849 878 est
878 836 1004 890 hujus
1032 837 1188 888 mariti,
1221 837 1291 879 hic
1316 838 1428 880 filius
1450 839 1575 893 hujus
1602 840 1749 893 patris,
1768 841 1797 883 &
1818 841 1906 882 vice
1923 855 2055 882 versa.

117 896 228 938 Addi
257 895 327 937 1110
347 896 489 949 posset
515 894 644 935 simili
670 893 758 936 fere
794 894 992 936 methodo
1013 894 1043 936 Sc
1069 894 1373 943 συγκαταβὰσει
1389 897 1613 939 incrustari
1628 913 1749 952 posse
1771 898 2057 940 distinctiones

116 954 347 997 Doctorum
372 952 769 1007 Hypotheticorum,
801 953 1031 994 voluntatis
1063 953 1154 995 scil.
1188 955 1471 997 antecedentis
1510 956 1540 998 &
1567 957 1872 1011 consequentis,
1895 958 2057 1012 gratiae

119 1012 368 1055 sufficientis
390 1013 420 1054 &
443 1010 623 1052 efficacis
641 1011 707 1053 &c.
727 1014 774 1052 ut
790 1011 878 1053 scil.
898 1012 1038 1066 gratia
1056 1013 1401 1067 regenerationis,
1419 1015 1663 1065 vacationis,
1691 1016 1971 1058 conversionis
1990 1031 2057 1057 sa-

119 1071 269 1113 lutaris
301 1070 464 1112 dicatur
500 1069 759 1111 sufficienter
785 1085 810 1111 a
846 1069 1015 1111 Christo
1046 1070 1274 1124 impetrata
1300 1087 1375 1126 pro
1393 1073 1600 1125 omnibus,
1619 1074 1850 1116 efficienter
1866 1090 1964 1116 vero
1981 1089 2057 1129 pro

120 1130 220 1171 solis
254 1129 410 1171 electis.
443 1127 638 1169 Praestat
664 1143 765 1184 ergo
782 1129 834 1170 ab
858 1128 1060 1183 ejusmodi
1076 1129 1301 1183 phrasibus
1319 1131 1544 1182 abstinere,
1565 1147 1618 1173 ne
1635 1133 1892 1174 occasionem
1914 1133 2058 1175 demus

120 1188 349 1230 hodiernae
370 1201 502 1229 novae
534 1186 723 1228 methodi
742 1187 821 1238 (uti
841 1187 1008 1241 vocant)
1036 1187 1285 1239 fautoribus,
1303 1189 1407 1230 talia
1425 1189 1613 1244 opinioni
1630 1206 1729 1232 suae
1746 1192 2056 1245 praetendendi.

122 1246 211 1288 Nos
229 1246 458 1301 repetimus
475 1244 787 1287 distinctionem
803 1248 1004 1297 nostram,
1022 1246 1133 1287 inter
1150 1247 1372 1288 materiam
1390 1263 1464 1290 seu
1478 1247 1524 1286 τὸ
1542 1250 1759 1291 materiale
1776 1250 1930 1301 meriti,
1949 1251 2059 1304 quod

122 1305 251 1346 etiam
285 1304 521 1359 subjectum
547 1303 808 1345 substratum
828 1304 908 1346 dici
925 1307 1065 1358 posset
1081 1305 1209 1360 (quod
1231 1308 1293 1347 est
1309 1321 1420 1348 mors
1439 1308 1468 1349 &
1489 1307 1729 1349 obedientia
1747 1308 1935 1362 Christi),
1955 1310 1983 1350 &
2000 1309 2059 1349 in-

120 1366 185 1405 ter
205 1363 386 1405 formam
403 1377 476 1404 seu
493 1360 539 1399 τὸ
557 1362 748 1404 formale.
765 1361 877 1404 Illud
894 1363 1082 1414 dicimus,
1100 1363 1144 1404 in
1161 1379 1204 1405 se
1222 1367 1458 1418 spectatum
1475 1380 1563 1407 esse
1576 1366 1811 1408 sufficiens:
1837 1366 1950 1408 istud
1961 1382 2057 1408 vero

120 1423 165 1463 in
198 1421 342 1464 ordine
375 1421 428 1462 ad
460 1421 677 1462 damnatos
715 1422 744 1464 &
777 1421 1034 1463 damnandos
1056 1436 1261 1477 negamus
1279 1438 1367 1465 esse
1385 1423 1611 1476 sufficiens,
1629 1425 1758 1466 immo
1778 1440 1866 1467 esse
1885 1425 2059 1479 aliquid.

122 1479 308 1522 Rursum
339 1479 640 1535 distinguimus
670 1479 781 1521 inter
797 1479 1095 1521 sufficientiam
1112 1481 1436 1535 aptitudinalem
1453 1486 1480 1522 &
1503 1484 1734 1525 actualem:
1755 1486 1785 1526 a
1806 1484 1916 1525 inter
1932 1484 2060 1538 possi-

121 1539 206 1580 bile
225 1539 415 1580 absolute
433 1538 463 1580 &
480 1538 774 1593 hypothetice3
798 1553 976 1592 quorum
993 1538 1099 1580 illud
1116 1540 1392 1592 concedimus,
1410 1541 1522 1583 istud
1539 1556 1767 1597 negamus:
1795 1545 1904 1584 inter
1920 1540 1967 1579 τὸ
1983 1557 2058 1597 po-

121 1598 273 1639 tuisset
289 1597 527 1638 obedientia
544 1596 702 1638 Christi
716 1596 847 1638 fuisse
865 1596 1076 1639 sufficiens
1094 1612 1169 1652 pro
1187 1598 1393 1649 omnibus,
1411 1600 1446 1641 si
1463 1599 1576 1641 Deus
1598 1602 1627 1643 Sc
1645 1600 1837 1642 Christus
1854 1601 2060 1643 Mediator

123 1655 354 1697 voluissent
385 1669 461 1709 pro
492 1655 738 1697 damnandis
760 1670 833 1697 seu
848 1656 1038 1709 reprobis
1055 1671 1148 1697 eam
1168 1658 1388 1710 praestari,
1408 1659 1438 1700 &
1459 1658 1641 1713 gratiam
1659 1659 1886 1701 salutarem
1904 1675 1951 1702 ac
1967 1661 2059 1715 glo-

124 1714 232 1754 riam
265 1713 317 1754 iis
350 1713 585 1766 acquirere;
623 1716 750 1767 atque
782 1714 894 1755 inter
928 1712 974 1750 τὸ
997 1714 1236 1756 obedientia
1253 1730 1326 1757 seu
1342 1716 1480 1770 passio
1498 1717 1656 1759 Christi
1673 1720 1736 1759 est
1753 1718 1966 1760 sufficiens
1983 1733 2058 1772 pro

124 1771 332 1813 omnibus.
366 1771 497 1813 Prius
518 1771 551 1813 A
557 1774 602 1827 ff.
623 1771 779 1814 Poster.
816 1773 912 1827 Neq.
941 1771 1058 1814 Sicut
1074 1773 1178 1814 haec
1195 1773 1275 1814 duo
1293 1774 1635 1830 distinguuntur:
1657 1777 1893 1830 potuissent
1914 1778 1979 1818 12.
2000 1777 2057 1818 le-

124 1830 270 1885 giones
301 1830 547 1884 angelorum
581 1829 772 1872 sufficere
810 1830 862 1871 ad
893 1830 1109 1872 Christum
1140 1831 1425 1882 liberandum3
1450 1834 1515 1874 vel
1532 1834 1767 1888 potuissent
1787 1835 1852 1876 12.
1872 1835 2058 1890 legiones

125 1888 214 1930 dari
244 1888 296 1929 ad
324 1888 539 1929 Christum
556 1887 813 1930 sufficienter
830 1888 1109 1937 liberandum,
1131 1889 1166 1930 si
1183 1889 1298 1931 Deus
1316 1891 1540 1933 voluisset:
1565 1892 1622 1933 Et
1642 1893 1708 1934 12.
1727 1893 1913 1948 legiones
1931 1894 2059 1935 desti-

124 1949 249 1988 natae
281 1948 311 1989 &
332 1947 454 1988 datae
476 1949 574 1988 sunt
591 1949 616 1988 a
631 1945 721 1988 Deo
743 1947 795 1988 ad
813 1946 1025 1989 Christum
1044 1947 1302 1990 sufficienter
1318 1949 1596 2002 liberandum,
1615 1966 1698 1993 non
1714 1954 1857 1992 tamen
1874 1952 2060 1993 efficien-

124 2008 211 2047 ter:
245 2004 324 2046 Ve]
358 2005 545 2060 legiones
565 2006 632 2046 12.
656 2006 903 2060 angelorum
920 2021 970 2047 ex
986 2006 1219 2048 intentione
1240 2006 1321 2048 Dei
1337 2006 1510 2050 fuerunt
1527 2009 1707 2061 Christo,
1725 2011 1791 2051 vel
1807 2025 1882 2064 pro
1905 2010 2062 2052 Christi

124 2063 386 2114 liberatione,
423 2063 545 2105 datae
577 2063 847 2115 sufficienter,
877 2064 948 2105 sed
977 2079 1061 2105 non
1078 2064 1317 2107 efficaciter.
1336 2065 1523 2114 Quorum
1539 2068 1655 2121 prius
1673 2083 1818 2110 verum
1835 2071 1899 2110 est
1918 2069 2061 2112 Mami.

126 2122 197 2163 26.
231 2122 300 2162 53.
332 2122 540 2176 posterius
575 2121 743 2163 falsum.
777 2121 885 2164 Vide
904 2137 1059 2177 quaeso
1081 2125 1111 2166 &
1128 2123 1270 2165 confer
1285 2125 1498 2168 Amesium
1515 2126 1561 2168 in
1581 2127 1780 2169 Coronide
1791 2141 1888 2183 paq.
1909 2128 2006 2169 102.
2024 2127 2063 2169 a·

128 2180 225 2221 120.
258 2179 356 2220 edit.
388 2180 433 2220 in
470 2180 510 2221 8.
537 2179 768 2222 Pontificiis
786 2181 1145 2223 universalitatem
1165 2183 1194 2224 &
1211 2182 1508 2225 sufficientiam
1525 2186 1733 2227 actualem
1751 2187 1889 2227 meriti
1906 2185 2064 2227 Christi

125 2240 314 2292 respectu
334 2238 597 2291 singulorum
612 2239 831 2280 hominum
848 2240 1145 2292 asserentibus,
1163 2240 1241 2282 sub
1259 2241 1525 2284 distinctione
1542 2243 1653 2285 inter
1668 2245 1854 2285 valorem
1880 2259 1952 2286 seu
1970 2244 2062 2299 dig-

127 2296 307 2337 nitatem
344 2297 373 2339 &
405 2296 515 2338 inter
536 2297 748 2348 meritum,
784 2298 886 2339 alibi
918 2298 1021 2352 ipsis
1052 2301 1257 2352 usurpata
1294 2300 1362 2355 (de
1383 2303 1466 2354 qua
1483 2316 1610 2356 supra
1632 2303 1734 2344 thesi
1749 2304 1788 2343 2.
1808 2303 1939 2357 probb.
1962 2303 2062 2354 14.)‚

126 2355 378 2408 respondere
414 2368 644 2408 possemus,
679 2355 891 2397 Passionis
927 2358 957 2399 &
989 2357 1251 2399 obedientiae
1268 2357 1426 2400 Christi
1449 2360 1493 2401 in
1515 2375 1558 2402 se
1579 2364 1790 2415 spectatae
1813 2360 2064 2415 dignitatem

127 2414 157 2456 &
187 2413 373 2454 valorem
403 2412 615 2454 infinitum
647 2412 677 2454 &
707 2417 1009 2468 consequenter
1030 2415 1309 2457 sufficientem
1331 2418 1355 2458 a
1376 2417 1496 2459 nobis
1512 2419 1701 2473 agnosci:
1725 2420 1796 2460 sed
1814 2419 1931 2474 [pag.
1956 2419 2063 2474 255]

126 2486 210 2513 non
241 2471 453 2522 meritum,
476 2474 549 2512 aut
565 2471 737 2513 lutrum.
770 2472 827 2514 Et
844 2473 1173 2527 quotiescunque
1197 2475 1247 2515 de
1264 2475 1414 2516 merito
1433 2479 1506 2517 aut
1522 2477 1633 2518 lutro
1650 2477 1694 2518 in
1716 2477 1858 2519 ordine
1876 2478 1928 2518 ad
1945 2477 2063 2518 (lam-

127 2529 286 2570 nandos
313 2529 343 2571 81
375 2530 594 2570 damnatos
626 2531 855 2583 quaeritur,
883 2546 958 2573 nos
975 2532 1140 2573 nullum
1156 2533 1242 2574 tale
1260 2548 1352 2574 cum
1372 2533 1601 2588 Scripturis
1619 2550 1858 2590 agnoscere,
1877 2536 1905 2578 81
1922 2550 2062 2577 conse-

128 2590 304 2641 quenter
333 2602 410 2629 nec
427 2587 661 2629 sufficiens:
686 2589 802 2642 cujus
822 2589 934 2630 enim
949 2590 1067 2631 nulla
1085 2592 1147 2632 est
1166 2591 1332 2642 entitas,
1351 2593 1440 2646 ejus
1459 2594 1576 2634 nulla
1594 2596 1656 2634 est
1673 2593 1950 2644 sufficientia3
1969 2609 2063 2635 cum

128 2660 212 2687 non
244 2645 352 2687 entis
384 2646 502 2687 nulla
537 2646 593 2687 sit
624 2646 802 2688 affectio.
835 2647 1020 2689 Rursum
1050 2649 1377 2702 possibilitatem
1409 2651 1646 2692 absolutam
1681 2651 1959 2693 sufficientiae
1981 2653 2066 2693 illis

130 2703 391 2745 concedimus
424 2706 577 2759 (neque
599 2704 710 2745 enim
726 2704 930 2758 implicat,
948 2707 984 2747 si
1001 2705 1116 2748 Deus
1132 2721 1209 2761 pro
1227 2708 1420 2749 omnibus
1438 2709 1628 2751 sufficere
1646 2710 1675 2751 8ο
1697 2709 1912 2751 Christum
1929 2709 2064 2764 Spon-

130 2776 266 2803 sorem
298 2762 395 2803 dare
427 2762 644 2815 voluisset)
677 2763 749 2803 sed
780 2763 1096 2817 hypotheticam
1124 2780 1174 2806 ex
1192 2767 1584 2820 praesuppositione
1601 2768 1755 2809 decreti
1773 2769 1802 2810 &
1819 2769 2064 2809 intentionis

129 2820 309 2872 divinae,
340 2834 560 2875 negamus,
592 2819 714 2862 Nihil
747 2821 859 2863 ultra
873 2821 918 2862 in
935 2823 1118 2877 gratiam
1136 2838 1293 2875 eorum,
1312 2827 1386 2865 aut
1408 2839 1750 2880 quorumcunque
1773 2827 2064 2879 dissidentium

1068 2881 1089 2920 1
1096 2881 1122 2922 3
1997 2884 2066 2925 1110
