2399 3084
272 79 355 121 366
698 76 1768 122 D1sp.XII.DELEGEETEUANGEMO.

272 203 475 257 duplicae,
499 202 690 257 triplicae
728 202 771 243 in
803 200 1015 242 mentibus
1044 201 1298 243 Auditorum
1335 201 1609 252 circulantur3
1629 217 1752 256 saepe
1775 202 1819 243 in
1835 202 1989 244 liberas
2012 218 2143 251 voces,
2163 204 2207 245 in

271 262 481 309 elenchos,
501 261 629 302 immo
663 263 691 303 81
725 261 766 301 111
800 260 975 314 indigna
992 260 1180 310 dicteria,
1214 261 1248 301 si
1277 275 1360 301 non
1378 263 1555 315 satyras,
1575 261 1820 308 cantilenas,
1839 261 2004 304 libellos
2023 262 2206 305 famosos

272 323 496 374 erumpunt
530 320 649 375 [pag.
674 319 751 374 49]
786 321 929 359 contra
952 321 1190 360 accuratam
1208 319 1315 374 legis
1333 319 1702 373 praedicationem.
1737 318 1854 368 Quod
1879 320 1927 361 de
1943 321 2206 377 Euangelica

271 379 579 432 praedicatione
613 393 695 419 non
728 378 788 418 ita
817 377 897 418 dici
930 380 1081 431 potest.
1100 377 1197 418 Jam
1225 380 1322 418 vero
1340 392 1422 418 non
1442 380 1503 418 est
1525 377 1720 431 cujusvis,
1743 393 1818 419 nec
1841 381 1929 419 tam
1947 379 2071 420 facile
2094 381 2204 435 ejus-

270 437 382 477 modi
415 437 500 478 tela
522 436 764 491 praevidere
798 436 827 477 81
859 436 1119 489 praevenire,
1155 451 1203 477 ea
1237 438 1437 486 avertere,
1473 437 1559 477 sive
1592 437 1819 489 prudenter
1841 437 2099 489 declinando,
2118 439 2204 480 sive

269 495 517 549 tempestive
536 495 864 550 exstinguendo:
901 497 946 534 ut
980 495 1117 535 minus
1135 497 1324 536 noceant.
1345 493 1425 535 Hic
1442 494 1658 548 improbus
1677 495 1797 536 labor
1811 509 2028 549 nunquam
2046 497 2204 539 exhau—

271 557 360 595 stus
378 556 453 603 est,
488 568 651 607 semper
683 553 792 594 redit
814 555 930 594 actus
953 553 994 593 in
1014 554 1171 594 orbem.
1208 552 1322 594 Adeo
1344 555 1391 593 ut
1425 553 1601 594 subinde
1628 553 1847 608 ingenium
1879 553 2206 598 fortissimorum

271 612 349 653 Dei
381 612 636 653 athletarum
675 611 842 666 fatiget,
883 611 1152 665 animumque
1191 626 1333 652 eorum
1371 611 1592 665 deprimat,
1636 612 1672 652 si
1702 627 1785 653 non
1820 611 2003 668 frangat.
2041 614 2078 654 7.
2102 615 2212 668 Quia

271 670 478 725 Theologi
512 671 733 712 orthodoxi
762 671 851 724 jam
868 670 963 712 inde
983 673 1006 711 a
1028 670 1165 724 prima
1186 669 1499 720 reformatione,
1519 670 1640 724 plura
1658 672 1687 712 81
1705 671 1900 712 uberiora
1917 672 2037 713 nobis
2055 688 2208 728 suppe-

271 730 458 770 ditarunt
477 729 730 770 adminicula
748 729 799 769 ad
817 729 1138 782 explicationem
1161 730 1190 770 81
1208 728 1533 769 vindicationem
1555 728 1795 783 Euangelii,
1815 732 1959 771 contra
1976 745 2118 773 omnes
2140 733 2211 774 ob-

266 788 469 841 jectiones
502 790 530 830 &
565 788 804 842 exeptiones
838 788 1094 836 errantium3
1129 803 1255 841 quam
1290 788 1341 828 ad
1363 787 1685 841 explicationem
1709 788 1738 829 81
1761 788 2084 831 vindicationem
2102 791 2209 846 legis

272 850 417 888 contra
455 861 615 888 er··ioies
642 849 732 887 tum
752 846 964 896 sectarios
987 850 1078 887 tum
1098 847 1224 900 popul
1230 861 1335 895 1163
1354 847 1383 888 81
1405 849 1549 886 contra
1568 846 1740 900 quaevis
1760 846 1898 895 dubia
1919 862 2026 901 quae
2045 864 2068 889 a
2087 863 2210 892 came

271 908 414 946 nostra
427 905 598 961 suggeii
611 905 741 946 solent
759 907 831 945 aut
844 881 1029 958 possunt.
1047 906 1085 945 8
1099 905 1207 957 Quia.
1221 919 1317 946 exe1
1320 904 1488 945 citatior
1500 905 1752 958 eloquentia,
1767 905 1796 946 81
1810 905 2011 947 orationis
2027 906 2207 957 δεινότης,

270 967 406 1018 atque
429 964 608 1006 honesta
642 963 857 1004 exornatio
893 963 935 1004 in
982 964 1217 1005 elocutione
1249 963 1452 1017 legalium
1484 963 1727 1017 requiritur,
1762 978 1888 1017 quam
1915 964 1957 1005 in
1976 965 2211 1008 elocutione

271 1024 519 1078 dogmatum
556 1021 796 1077 Euangelii.
832 1021 948 1063 Haec
988 1022 1100 1063 enim
1127 1025 1174 1063 ut
1210 1021 1440 1076 plurimum
1477 1022 1619 1063 ornari
1655 1025 1837 1077 negant,
1878 1025 2072 1065 contenta
2102 1025 2212 1080 stylo

272 1081 512 1136 Scripturae
545 1083 574 1124 &
593 1080 856 1134 simplicibus
890 1081 1083 1122 terminis
1119 1081 1268 1122 doceri.
1303 1080 1420 1121 Adeo
1451 1083 1496 1121 ut
1515 1080 1707 1121 dictionis
1728 1095 1774 1121 ac
1805 1081 1972 1134 phrasis
1990 1082 2165 1124 variatio
2183 1085 2213 1126 81

270 1143 552 1187 maun-ommino
588 1140 657 1180 hic
689 1140 826 1180 locum
859 1154 941 1180 non
973 1140 1033 1180 ita
1063 1140 1274 1180 inveniat:
1300 1139 1409 1192 quod
1429 1139 1477 1179 de
1495 1139 1579 1179 illis
1599 1139 1809 1193 mysteriis
1833 1141 2210 1193 supernaturaliter

273 1199 473 1240 revelatis
504 1213 601 1239 vera
635 1198 783 1245 dicere,
807 1199 928 1252 quasi
947 1198 1228 1252 periculosum
1247 1197 1315 1238 sit.
1350 1198 1432 1238 Sed
1453 1198 1580 1252 longe
1599 1197 1722 1238 aliter
1740 1213 1783 1239 se
1801 1213 1867 1239 res
1892 1199 2032 1249 habet,
2060 1200 2103 1241 in
2120 1201 2212 1254 ple-

272 1258 412 1312 risque
452 1259 525 1298 aut
553 1257 703 1298 saltem
736 1257 779 1296 in
813 1257 1136 1311 quamplurimis
1173 1257 1273 1297 locis
1296 1256 1519 1311 legalibus.
1554 1257 1593 1296 9.
1616 1257 1724 1309 Quia
1743 1257 1860 1298 docet
1881 1257 1959 1298 hoc
1981 1259 2212 1300 communis

274 1316 531 1370 experientia
548 1330 704 1362 eorum,
725 1315 797 1369 qui
814 1319 1018 1357 conantur
1036 1317 1130 1356 vere
1155 1318 1368 1362 ἓεολογεῖν.
1395 1315 1704 1370 Postillophagi
1729 1315 1853 1365 enim,
1875 1317 1904 1358 81
1921 1316 1993 1369 qui
2015 1316 2124 1358 forte
2143 1318 2211 1358 20.

273 1378 346 1416 aut
379 1376 446 1415 25.
482 1375 592 1415 locos
631 1388 886 1424 communes,
906 1376 934 1417 81
956 1374 1131 1415 totidem
1155 1376 1228 1414 aut
1245 1374 1371 1426 paulo
1387 1374 1529 1427 plures
1552 1373 1783 1425 conciones,
1802 1375 1926 1428 saepe
1944 1375 1996 1416 ab
2015 1376 2108 1417 aliis
2126 1375 2212 1417 for-

274 1436 408 1475 matas
427 1432 499 1474 aut
515 1432 819 1487 praeformatas
836 1433 1038 1474 memoria
1054 1435 1212 1482 tenent,
1237 1433 1285 1473 de
1302 1432 1370 1473 his
1392 1432 1517 1473 rebus
1530 1432 1718 1486 judicare
1735 1435 1960 1486 nequeunt.

333 1491 387 1533 II.
425 1493 512 1534 Hal.
547 1491 658 1532 Illud
677 1494 739 1531 est
758 1491 1003 1545 praedicatu
1022 1490 1248 1532 difficilius.
1269 1491 1384 1544 cujus
1402 1490 1596 1544 specialis
1619 1491 1846 1544 applicatio
1865 1492 1917 1532 ad
1935 1492 2211 1534 conscientias

273 1550 510 1592 auditorum
546 1553 609 1590 est
643 1549 865 1591 difficilior.
900 1549 981 1591 Sed
1013 1549 1123 1604 legis
1153 1549 1348 1603 specialis
1371 1548 1612 1602 applicatio,
1633 1551 1696 1590 816.
1717 1551 1780 1590 est
1798 1549 2008 1591 difficilior
2025 1550 2211 1605 applica-

272 1610 386 1650 tione
403 1608 575 1662 speciali
592 1608 830 1662 Euangelii,
851 1609 914 1650 816.
935 1608 1063 1663 Ergo.
1097 1607 1236 1648 Minor
1253 1608 1470 1662 probatur.
1492 1609 1526 1648 1.
1551 1608 1659 1661 Que'a
1675 1609 1809 1662 major
1827 1609 2050 1662 prudentia
2067 1610 2096 1651 81
2114 1624 2211 1651 cau-

272 1668 358 1709 tela
390 1667 429 1708 in
469 1666 777 1721 praedicatione
810 1667 1014 1722 legalium
1046 1665 1287 1720 requiritur,
1311 1681 1437 1720 quam
1459 1665 1502 1706 in
1525 1665 1836 1720 praedicatione
1854 1666 2095 1722 Euangelii.
2128 1668 2210 1709 Hic

274 1726 383 1767 enim
401 1726 648 1779 plerumque
670 1724 917 1779 simpliciter
935 1726 963 1767 &
981 1725 1023 1766 in
1041 1724 1232 1766 terminis
1255 1724 1369 1778 loqui
1387 1724 1576 1778 expedit:
1600 1724 1686 1766 illic
1703 1724 1747 1765 in
1765 1725 1995 1767 detectione
2014 1728 2043 1769 81
2060 1741 2212 1781 propo-

274 1785 423 1826 sitione
457 1784 666 1825 factorum
688 1783 900 1825 Ecclesiae
918 1788 1028 1835 tuae,
1054 1785 1083 1826 81
1101 1783 1413 1838 comparatione
1437 1784 1661 1824 eorundem
1683 1798 1775 1824 cum
1795 1783 1901 1839 legis
1925 1783 2098 1836 ἀκριβείᾳ
2116 1800 2213 1839 per-

274 1858 471 1885 sonarum
503 1843 532 1884 81
555 1842 965 1884 circumstantiarum
982 1842 1090 1884 ratio
1107 1842 1301 1883 habenda
1317 1858 1326 1891 ς
1346 1845 1392 1883 ut
1410 1842 1601 1896 quamvis
1618 1842 1861 1883 insistentes
1881 1843 2134 1884 immutabili
2150 1843 2213 1884 illi

274 1917 457 1949 normae,
486 1901 626 1942 onmia
658 1904 800 1943 tamen
835 1901 1028 1943 omnibus
1045 1902 1209 1951 fiamus,
1232 1903 1249 1941 l
1275 1903 1365 1943 Cor.
1386 1901 1425 1941 9.
1444 1915 1481 1942 v.
1502 1901 1570 1941 2⁶2.
1604 1900 1737 1955 Atqui
1755 1901 1832 1942 boc
1855 1916 1971 1955 opus,
1994 1901 2062 1943 hic
2079 1902 2212 1943 labor.

275 1962 313 2001 2.
337 1961 457 2013 Quid,
477 1960 511 2001 si
532 1960 734 2013 majorem
752 1963 915 2014 partem
934 1960 1171 2001 auditorum
1188 1962 1426 2001 nostrorum
1444 1959 1728 2013 respiciamus,
1748 1959 1948 2013 speciales
1965 1960 2064 2001 illae
2077 1960 2214 2015 appli-

275 2019 460 2061 cationes
497 2018 700 2073 legalium
733 2020 785 2060 ad
815 2019 1088 2060 conscientias
1121 2018 1363 2072 quorumvis
1392 2017 1629 2060 auditorum
1645 2019 1872 2060 secundum
1894 2021 2042 2068 status,
2062 2019 2214 2070 studia,

275 2078 387 2119 facta
419 2078 618 2132 cujusque
636 2077 868 2132 singularia
892 2080 1015 2133 (quae
1032 2079 1128 2118 vere
1147 2080 1209 2118 est
1227 2077 1367 2118 anima
1388 2076 1635 2130 prophetiae
1657 2092 1731 2118 seu
1748 2076 1988 2132 concionis),
2006 2081 2052 2119 ut
2070 2077 2214 2132 ingra-

274 2136 357 2177 tior
380 2139 442 2177 est
460 2135 632 2190 speciali
650 2136 929 2190 applicatione
947 2135 1195 2191 Euangelii;
1215 2135 1272 2177 sic
1291 2135 1418 2177 etiam
1435 2135 1718 2177 praedicatori
1735 2135 1958 2177 difficilior.
1979 2137 2214 2177 Admodum

277 2195 386 2236 enim
423 2194 487 2235 illi
511 2195 563 2235 ad
580 2195 734 2249 justam
752 2194 1117 2248 praeparationem
1136 2195 1386 2236 studendum
1407 2197 1470 2234 est
1485 2193 1528 2234 in
1545 2194 1703 2248 triplici
1720 2194 1828 2235 libro
1851 2193 2092 2248 Scripturae
2109 2194 2213 2246 scil.,

276 2253 487 2295 Ecclesiae
520 2268 619 2294 suae
651 2254 680 2295 81
697 2254 889 2308 propriae
913 2252 1203 2294 conscientiae.
1226 2253 1416 2293 Arduum
1437 2252 1644 2307 imprimis
1662 2256 1724 2294 est
1746 2253 1860 2307 prius
1878 2253 2062 2307 seipsum
2078 2268 2213 2302 nosse,

276 2312 460 2366 seipsum
493 2312 651 2361 docere,
685 2311 869 2366 seipsum
897 2313 1121 2367 abnegare,
1142 2311 1357 2366 proprium
1375 2326 1443 2352 cor
1460 2311 1638 2361 vincere,
1662 2311 1815 2362 odium,
1834 2311 2021 2361 livorem,
2039 2315 2211 2364 metum,

277 2371 638 2418 avspoempeo-miow
669 2371 812 2424 procul
830 2371 999 2412 habere.
1021 2371 1139 2426 [pag.
1160 2370 1236 2426 50]
1256 2371 1284 2412 &
1302 2369 1469 2411 nomine
1487 2369 1568 2411 Dei
1585 2371 1636 2411 ad
1653 2374 1722 2411 co'r
1740 2371 1939 2425 cujusque
1962 2370 2087 2425 loqui.
2124 2370 2214 2412 Hoc

277 2444 356 2470 non
395 2429 566 2482 capiunt
602 2428 679 2480 illi,
700 2429 734 2469 si
757 2429 841 2483 qui,
866 2429 927 2470 uti
945 2429 1045 2470 olim
1063 2428 1279 2483 sophistae
1296 2428 1338 2469 in
1357 2428 1663 2483 gymnasmatis
1686 2429 1951 2480 Graecorum,
1976 2430 2005 2471 81
2023 2432 2069 2470 ut
2090 2429 2214 2470 hodie

278 2486 575 2528 adolescentuli
607 2487 649 2528 in
683 2487 858 2538 Scholis,
895 2487 1057 2529 clireias
1091 2502 1188 2529 suas
1215 2487 1504 2542 postillisticas
1520 2487 1562 2528 in
1580 2487 1767 2529 ordinem
1784 2491 2056 2537 recurrentes,
2077 2488 2214 2529 decla-

278 2549 416 2587 mant:
440 2545 608 2586 interim
626 2561 701 2588 nec
723 2546 895 2600 seipsos,
914 2561 990 2587 nec
1007 2561 1103 2588 oves
1123 2546 1203 2587 sibi
1222 2546 1462 2588 commissas
1481 2546 1582 2588 satis
1605 2549 1780 2595 norunt3
1797 2546 1971 2600 ideoque
1990 2561 2038 2587 ex·
2058 2545 2213 2600 duplici

278 2605 356 2644 hoc
378 2603 485 2645 libro
505 2619 651 2658 parum
674 2605 914 2658 praedicare
932 2607 1086 2646 valent.
1121 2605 1177 2646 Et
1194 2608 1335 2646 tamen
1354 2604 1609 2659 speculative
1627 2619 1674 2646 ac
1689 2604 1940 2659 peremtorie
1957 2619 2096 2646 rerum
2112 2604 2211 2646 ista-

279 2677 370 2703 rum
406 2662 477 2698 7'752
481 2677 511 2709 ιβ
515 2677 543 2699 :c
550 2662 747 2727 judicare
766 2664 933 2714 audent,
952 2663 1304 2717 praedicationem
1321 2663 1429 2717 legis
1446 2678 1535 2704 esse
1554 2663 1733 2713 facilem,
1750 2665 1778 2706 81
1799 2667 1867 2701 τοῦ
1881 2664 2096 2715 τυχόντοςς
2116 2677 2213 2704 con-

280 2723 501 2774 sequenter
519 2720 726 2774 piissimos
745 2736 930 2776 quosque
948 2721 1004 2764 81
994 2737 1035 2763 111
1055 2721 1346 2776 spiritualibus
1363 2721 1732 2763 exercitatissimos
1750 2737 1797 2764 ex
1816 2723 1969 2776 populo
1990 2720 2114 2763 nimis
2136 2736 2213 2775 pa-

280 2779 432 2821 tienter
470 2779 497 2819 &
533 2778 680 2820 stolide
719 2795 762 2820 61
766 2780 865 2820 udit
857 2795 901 2820 13
940 2795 987 2822 ac
1023 2781 1140 2821 solid
1133 2796 1178 2822 as
1210 2795 1290 2821 nou
1327 2784 1478 2830 minus,
1512 2795 1637 2835 quam
1660 2780 1894 2836 patheticas
1911 2778 2212 2835 applicationes

2021 2840 2214 2880 textuum

2396 315 2399 322 .
2395 296 2399 302 .
2393 216 2399 277 ....-.
2391 0 2399 206 *hd—Q&
