<?xml version="1.0" encoding="UTF-8"?>
<!DOCTYPE html PUBLIC "-//W3C//DTD XHTML 1.0 Transitional//EN"
    "http://www.w3.org/TR/xhtml1/DTD/xhtml1-transitional.dtd">
<html xmlns="http://www.w3.org/1999/xhtml" xml:lang="en" lang="en">
 <head>
  <title>
</title>
<meta http-equiv="Content-Type" content="text/html;charset=utf-8" />
  <meta name='ocr-system' content='tesseract 3.04.00' />
  <meta name='ocr-capabilities' content='ocr_page ocr_carea ocr_par ocr_line ocrx_word'/>
</head>
<body>
  <div class='ocr_page' id='page_1' title='image "./gysbertivoetiise00voet_0260.png"; bbox 0 0 2399 3084; ppageno 0'>
   <div class='ocr_carea' id='block_1_1' title="bbox 321 85 2070 131">
    <p class='ocr_par' dir='ltr' id='par_1_1' title="bbox 321 85 2070 131">
     <span class='ocr_line' id='line_1_1' title="bbox 321 85 2070 131; baseline -0.001 -1"><span class='ocrx_word' id='word_1_1' title='bbox 321 91 403 131; x_wconf 78' lang='lat'>232</span> <span class='ocrx_word' id='word_1_2' title='bbox 524 89 666 129; x_wconf 77' lang='lat' dir='ltr'>D1sr.</span> <span class='ocrx_word' id='word_1_3' title='bbox 701 87 819 130; x_wconf 87' lang='lat' dir='ltr'><strong>VIII.</strong></span> <span class='ocrx_word' id='word_1_4' title='bbox 852 87 924 128; x_wconf 79' lang='lat' dir='ltr'>DE</span> <span class='ocrx_word' id='word_1_5' title='bbox 958 87 1194 129; x_wconf 62' lang='lat' dir='ltr'>Pansom</span> <span class='ocrx_word' id='word_1_6' title='bbox 1227 87 1440 129; x_wconf 67' lang='lat' dir='ltr'>Oumsm</span> <span class='ocrx_word' id='word_1_7' title='bbox 1473 85 1814 129; x_wconf 68' lang='grc' dir='ltr'>ΜΕυΙΛΤοιιιε.</span> <span class='ocrx_word' id='word_1_8' title='bbox 1848 86 1982 128; x_wconf 75' lang='lat' dir='ltr'>PARS</span> <span class='ocrx_word' id='word_1_9' title='bbox 2014 86 2070 128; x_wconf 93' lang='lat' dir='ltr'>II.</span> 
     </span>
    </p>
   </div>
   <div class='ocr_carea' id='block_1_2' title="bbox 316 207 2276 2889">
    <p class='ocr_par' dir='ltr' id='par_1_2' title="bbox 316 207 2273 2850">
     <span class='ocr_line' id='line_1_2' title="bbox 320 207 2259 265; baseline -0.002 -11"><span class='ocrx_word' id='word_1_10' title='bbox 320 213 539 261; x_wconf 85' lang='lat' dir='ltr'>diceretur,</span> <span class='ocrx_word' id='word_1_11' title='bbox 572 210 688 265; x_wconf 86' lang='lat' dir='ltr'>Ergo</span> <span class='ocrx_word' id='word_1_12' title='bbox 720 209 848 250; x_wconf 89' lang='lat' dir='ltr'>etiam</span> <span class='ocrx_word' id='word_1_13' title='bbox 881 209 1075 251; x_wconf 79' lang='lat' dir='ltr'>Christus</span> <span class='ocrx_word' id='word_1_14' title='bbox 1107 224 1190 263; x_wconf 89' lang='lat' dir='ltr'>qua</span> <span class='ocrx_word' id='word_1_15' title='bbox 1222 208 1336 250; x_wconf 89' lang='lat' dir='ltr'>Deus</span> <span class='ocrx_word' id='word_1_16' title='bbox 1360 215 1550 251; x_wconf 83' lang='lat' dir='ltr'>mortuus</span> <span class='ocrx_word' id='word_1_17' title='bbox 1569 211 1645 251; x_wconf 88' lang='lat' dir='ltr'>est.</span> <span class='ocrx_word' id='word_1_18' title='bbox 1679 207 1774 251; x_wconf 88' lang='lat' dir='ltr'>Tali</span> <span class='ocrx_word' id='word_1_19' title='bbox 1791 210 2034 252; x_wconf 88' lang='lat' dir='ltr'>indistincta</span> <span class='ocrx_word' id='word_1_20' title='bbox 2050 210 2259 264; x_wconf 87' lang='lat' dir='ltr'>phraseon</span> 
     </span>
     <span class='ocr_line' id='line_1_3' title="bbox 321 267 2259 324; baseline -0.001 -12"><span class='ocrx_word' id='word_1_21' title='bbox 321 270 574 324; x_wconf 84' lang='lat' dir='ltr'>acceptione,</span> <span class='ocrx_word' id='word_1_22' title='bbox 608 270 637 311; x_wconf 83' lang='grc'>81</span> <span class='ocrx_word' id='word_1_23' title='bbox 673 268 870 322; x_wconf 78' lang='lat' dir='ltr'>imperita</span> <span class='ocrx_word' id='word_1_24' title='bbox 901 267 1144 309; x_wconf 88' lang='lat' dir='ltr'>confusione</span> <span class='ocrx_word' id='word_1_25' title='bbox 1161 267 1470 322; x_wconf 87' lang='lat' dir='ltr'>Anabaptistae</span> <span class='ocrx_word' id='word_1_26' title='bbox 1488 268 1674 322; x_wconf 79' lang='lat' dir='ltr'>prolapsi</span> <span class='ocrx_word' id='word_1_27' title='bbox 1694 271 1792 310; x_wconf 91' lang='lat' dir='ltr'>sunt</span> <span class='ocrx_word' id='word_1_28' title='bbox 1814 269 1857 310; x_wconf 91' lang='lat' dir='ltr'>in</span> <span class='ocrx_word' id='word_1_29' title='bbox 1879 272 2010 310; x_wconf 89' lang='lat' dir='ltr'>tetros</span> <span class='ocrx_word' id='word_1_30' title='bbox 2033 269 2127 310; x_wconf 88' lang='lat' dir='ltr'>illos</span> <span class='ocrx_word' id='word_1_31' title='bbox 2146 283 2259 310; x_wconf 88' lang='lat' dir='ltr'>erro-</span> 
     </span>
     <span class='ocr_line' id='line_1_4' title="bbox 320 325 2258 384; baseline -0.004 -13"><span class='ocrx_word' id='word_1_32' title='bbox 320 345 385 371; x_wconf 86' lang='lat' dir='ltr'>res</span> <span class='ocrx_word' id='word_1_33' title='bbox 423 329 531 370; x_wconf 82' lang='lat' dir='ltr'>circa</span> <span class='ocrx_word' id='word_1_34' title='bbox 562 327 791 369; x_wconf 81' lang='lat' dir='ltr'>Personam</span> <span class='ocrx_word' id='word_1_35' title='bbox 815 328 844 370; x_wconf 88' lang='grc'>81</span> <span class='ocrx_word' id='word_1_36' title='bbox 867 328 969 368; x_wconf 90' lang='lat' dir='ltr'>duas</span> <span class='ocrx_word' id='word_1_37' title='bbox 992 329 1164 368; x_wconf 87' lang='lat' dir='ltr'>naturas</span> <span class='ocrx_word' id='word_1_38' title='bbox 1188 326 1359 368; x_wconf 81' lang='lat' dir='ltr'>Christi.</span> <span class='ocrx_word' id='word_1_39' title='bbox 1395 326 1542 368; x_wconf 82' lang='lat' dir='ltr'>Talem</span> <span class='ocrx_word' id='word_1_40' title='bbox 1571 325 1829 375; x_wconf 69' lang='grc' dir='ltr'><em>ἁκορολογὶαν</em></span> <span class='ocrx_word' id='word_1_41' title='bbox 1851 330 1915 384; x_wconf 82' lang='lat' dir='ltr'>(ut</span> <span class='ocrx_word' id='word_1_42' title='bbox 1932 327 2178 369; x_wconf 76' lang='lat' dir='ltr'>mollissime</span> <span class='ocrx_word' id='word_1_43' title='bbox 2199 327 2258 367; x_wconf 87' lang='grc'>10-</span> 
     </span>
     <span class='ocr_line' id='line_1_5' title="bbox 321 385 2256 442; baseline -0.002 -13"><span class='ocrx_word' id='word_1_44' title='bbox 321 387 442 442; x_wconf 83' lang='lat' dir='ltr'>quar)</span> <span class='ocrx_word' id='word_1_45' title='bbox 474 386 701 428; x_wconf 70' lang='lat' dir='ltr'><strong>committit</strong></span> <span class='ocrx_word' id='word_1_46' title='bbox 738 385 910 428; x_wconf 68' lang='lat' dir='ltr'>lacobus</span> <span class='ocrx_word' id='word_1_47' title='bbox 946 385 1135 427; x_wconf 76' lang='lat' dir='ltr'><em>Andreae</em></span> <span class='ocrx_word' id='word_1_48' title='bbox 1167 387 1249 427; x_wconf 80' lang='lat' dir='ltr'>loco</span> <span class='ocrx_word' id='word_1_49' title='bbox 1280 385 1413 436; x_wconf 71' lang='lat' dir='ltr'>citam,</span> <span class='ocrx_word' id='word_1_50' title='bbox 1452 401 1542 427; x_wconf 89' lang='lat' dir='ltr'>cum</span> <span class='ocrx_word' id='word_1_51' title='bbox 1568 385 1611 426; x_wconf 89' lang='lat' dir='ltr'>in</span> <span class='ocrx_word' id='word_1_52' title='bbox 1638 387 1802 427; x_wconf 88' lang='lat' dir='ltr'>nostros</span> <span class='ocrx_word' id='word_1_53' title='bbox 1819 389 2023 441; x_wconf 74' lang='lat' dir='ltr'>negantes</span> <span class='ocrx_word' id='word_1_54' title='bbox 2045 386 2256 428; x_wconf 75' lang='lat' dir='ltr'>Christum</span> 
     </span>
     <span class='ocr_line' id='line_1_6' title="bbox 320 444 2261 502; baseline -0.001 -15"><span class='ocrx_word' id='word_1_55' title='bbox 320 461 403 502; x_wconf 77' lang='lat' dir='ltr'>qua</span> <span class='ocrx_word' id='word_1_56' title='bbox 430 446 637 487; x_wconf 65' lang='lat' dir='ltr'>lzome&#39;ozem</span> <span class='ocrx_word' id='word_1_57' title='bbox 665 445 935 495; x_wconf 84' lang='lat' dir='ltr'>adorandum,</span> <span class='ocrx_word' id='word_1_58' title='bbox 968 444 1183 486; x_wconf 81' lang='lat' dir='ltr'>invehitur</span> <span class='ocrx_word' id='word_1_59' title='bbox 1215 444 1291 485; x_wconf 89' lang='lat' dir='ltr'>sub</span> <span class='ocrx_word' id='word_1_60' title='bbox 1324 444 1586 494; x_wconf 80' lang='lat' dir='ltr'>intoleranda</span> <span class='ocrx_word' id='word_1_61' title='bbox 1618 445 1647 487; x_wconf 87' lang='grc'>81</span> <span class='ocrx_word' id='word_1_62' title='bbox 1668 444 1814 498; x_wconf 89' lang='lat' dir='ltr'>iniqua</span> <span class='ocrx_word' id='word_1_63' title='bbox 1839 445 1914 486; x_wconf 85' lang='lat' dir='ltr'>illa</span> <span class='ocrx_word' id='word_1_64' title='bbox 1935 444 2176 486; x_wconf 88' lang='lat' dir='ltr'>confusione</span> <span class='ocrx_word' id='word_1_65' title='bbox 2193 447 2261 481; x_wconf 71' lang='grc' dir='ltr'>τοῦ</span> 
     </span>
     <span class='ocr_line' id='line_1_7' title="bbox 324 502 2261 558; baseline -0.002 -11"><span class='ocrx_word' id='word_1_66' title='bbox 324 505 511 548; x_wconf 72' lang='lat' dir='ltr'>Christus</span> <span class='ocrx_word' id='word_1_67' title='bbox 535 505 656 545; x_wconf 81' lang='lat' dir='ltr'>homo</span> <span class='ocrx_word' id='word_1_68' title='bbox 673 504 702 545; x_wconf 85' lang='grc'>81</span> <span class='ocrx_word' id='word_1_69' title='bbox 719 506 788 540; x_wconf 70' lang='grc' dir='ltr'>τοῦ</span> <span class='ocrx_word' id='word_1_70' title='bbox 809 504 996 545; x_wconf 67' lang='lat' dir='ltr'>Clu-istus</span> <span class='ocrx_word' id='word_1_71' title='bbox 1013 504 1095 558; x_wconf 71' lang='grc' dir='ltr'>([1ιά</span> <span class='ocrx_word' id='word_1_72' title='bbox 1113 503 1233 544; x_wconf 74' lang='lat' dir='ltr'>homo</span> <span class='ocrx_word' id='word_1_73' title='bbox 1246 519 1261 552; x_wconf 91' lang='grc'>,·</span> <span class='ocrx_word' id='word_1_74' title='bbox 1293 504 1322 546; x_wconf 85' lang='grc'>81</span> <span class='ocrx_word' id='word_1_75' title='bbox 1349 503 1461 544; x_wconf 86' lang='lat' dir='ltr'>istud</span> <span class='ocrx_word' id='word_1_76' title='bbox 1478 503 1542 543; x_wconf 88' lang='lat' dir='ltr'>illi</span> <span class='ocrx_word' id='word_1_77' title='bbox 1559 503 1792 554; x_wconf 87' lang='lat' dir='ltr'>substituit,</span> <span class='ocrx_word' id='word_1_78' title='bbox 1817 503 2008 557; x_wconf 89' lang='lat' dir='ltr'>quamvis</span> <span class='ocrx_word' id='word_1_79' title='bbox 2026 503 2179 545; x_wconf 85' lang='lat' dir='ltr'>nostris</span> <span class='ocrx_word' id='word_1_80' title='bbox 2195 502 2261 544; x_wconf 91' lang='lat' dir='ltr'>in-</span> 
     </span>
     <span class='ocr_line' id='line_1_8' title="bbox 320 561 2260 617; baseline -0.002 -12"><span class='ocrx_word' id='word_1_81' title='bbox 320 564 418 605; x_wconf 89' lang='lat' dir='ltr'>vitis</span> <span class='ocrx_word' id='word_1_82' title='bbox 451 564 479 605; x_wconf 80' lang='lat'>&amp;</span> <span class='ocrx_word' id='word_1_83' title='bbox 511 563 851 604; x_wconf 86' lang='lat' dir='ltr'>reclamantibus.</span> <span class='ocrx_word' id='word_1_84' title='bbox 886 562 1074 604; x_wconf 72' lang='lat' dir='ltr'>Eandem</span> <span class='ocrx_word' id='word_1_85' title='bbox 1108 562 1304 603; x_wconf 86' lang='lat' dir='ltr'>cramben</span> <span class='ocrx_word' id='word_1_86' title='bbox 1338 564 1568 616; x_wconf 76' lang='lat' dir='ltr'>recoquunt</span> <span class='ocrx_word' id='word_1_87' title='bbox 1593 562 1868 616; x_wconf 71' lang='lat' dir='ltr'>Tubinqenscs</span> <span class='ocrx_word' id='word_1_88' title='bbox 1888 563 1931 604; x_wconf 75' lang='lat' dir='ltr'>in</span> <span class='ocrx_word' id='word_1_89' title='bbox 1946 562 2123 617; x_wconf 72' lang='lat' dir='ltr'>praefat.</span> <span class='ocrx_word' id='word_1_90' title='bbox 2141 562 2197 603; x_wconf 80' lang='lat' dir='ltr'>ad</span> <span class='ocrx_word' id='word_1_91' title='bbox 2214 561 2260 603; x_wconf 74' lang='lat' dir='ltr'>li-</span> 
     </span>
     <span class='ocr_line' id='line_1_9' title="bbox 319 620 2261 672; baseline -0.002 -8"><span class='ocrx_word' id='word_1_92' title='bbox 319 624 442 664; x_wconf 75' lang='lat' dir='ltr'>brum</span> <span class='ocrx_word' id='word_1_93' title='bbox 465 621 636 663; x_wconf 75' lang='lat' dir='ltr'>Holdert&#39;</span> <span class='ocrx_word' id='word_1_94' title='bbox 667 620 743 663; x_wconf 91' lang='lat' dir='ltr'>III.</span> <span class='ocrx_word' id='word_1_95' title='bbox 777 621 970 664; x_wconf 74' lang='lat' dir='ltr'>Dicimus</span> <span class='ocrx_word' id='word_1_96' title='bbox 1007 622 1133 672; x_wconf 81' lang='lat' dir='ltr'>recte,</span> <span class='ocrx_word' id='word_1_97' title='bbox 1156 622 1266 669; x_wconf 76' lang='lat' dir='ltr'>vere,</span> <span class='ocrx_word' id='word_1_98' title='bbox 1295 622 1487 662; x_wconf 78' lang='lat' dir='ltr'>accurate</span> <span class='ocrx_word' id='word_1_99' title='bbox 1521 622 1544 661; x_wconf 74' lang='lat' dir='ltr'>a</span> <span class='ocrx_word' id='word_1_100' title='bbox 1565 620 1719 662; x_wconf 88' lang='lat' dir='ltr'>nostris</span> <span class='ocrx_word' id='word_1_101' title='bbox 1738 621 1998 662; x_wconf 85' lang='lat' dir='ltr'>abstractum</span> <span class='ocrx_word' id='word_1_102' title='bbox 2017 623 2040 661; x_wconf 71' lang='lat' dir='ltr'>a</span> <span class='ocrx_word' id='word_1_103' title='bbox 2056 622 2261 671; x_wconf 89' lang='lat' dir='ltr'>concreto,</span> 
     </span>
     <span class='ocr_line' id='line_1_10' title="bbox 317 679 2261 734; baseline -0.001 -12"><span class='ocrx_word' id='word_1_104' title='bbox 317 681 557 723; x_wconf 84' lang='lat' dir='ltr'>absolutum</span> <span class='ocrx_word' id='word_1_105' title='bbox 576 682 599 721; x_wconf 79' lang='lat' dir='ltr'>a</span> <span class='ocrx_word' id='word_1_106' title='bbox 616 680 814 730; x_wconf 89' lang='lat' dir='ltr'>limitato,</span> <span class='ocrx_word' id='word_1_107' title='bbox 834 679 1164 734; x_wconf 70' lang='lat' dir='ltr'>praedicationes</span> <span class='ocrx_word' id='word_1_108' title='bbox 1188 680 1403 720; x_wconf 86' lang='lat' dir='ltr'>absolutas</span> <span class='ocrx_word' id='word_1_109' title='bbox 1437 680 1485 720; x_wconf 91' lang='lat' dir='ltr'>de</span> <span class='ocrx_word' id='word_1_110' title='bbox 1508 694 1686 733; x_wconf 87' lang='lat' dir='ltr'>persona</span> <span class='ocrx_word' id='word_1_111' title='bbox 1704 679 1874 730; x_wconf 86' lang='lat' dir='ltr'>Christi,</span> <span class='ocrx_word' id='word_1_112' title='bbox 1904 682 1928 720; x_wconf 78' lang='lat' dir='ltr'>a</span> <span class='ocrx_word' id='word_1_113' title='bbox 1945 679 2138 720; x_wconf 88' lang='lat' dir='ltr'>limitatis</span> <span class='ocrx_word' id='word_1_114' title='bbox 2156 694 2261 720; x_wconf 87' lang='lat' dir='ltr'>sem·</span> 
     </span>
     <span class='ocr_line' id='line_1_11' title="bbox 317 738 2263 795; baseline -0.001 -15"><span class='ocrx_word' id='word_1_115' title='bbox 317 755 390 795; x_wconf 88' lang='lat' dir='ltr'>per</span> <span class='ocrx_word' id='word_1_116' title='bbox 425 739 494 780; x_wconf 89' lang='lat' dir='ltr'>hic</span> <span class='ocrx_word' id='word_1_117' title='bbox 516 739 646 780; x_wconf 86' lang='lat' dir='ltr'>fuisse</span> <span class='ocrx_word' id='word_1_118' title='bbox 664 739 904 786; x_wconf 82' lang='lat' dir='ltr'>distinctas;</span> <span class='ocrx_word' id='word_1_119' title='bbox 936 740 964 780; x_wconf 60' lang='grc' dir='ltr'>ἃ</span> <span class='ocrx_word' id='word_1_120' title='bbox 982 738 1150 792; x_wconf 88' lang='lat' dir='ltr'>quidem</span> <span class='ocrx_word' id='word_1_121' title='bbox 1169 738 1407 791; x_wconf 79' lang='lat' dir='ltr'>specialiter</span> <span class='ocrx_word' id='word_1_122' title='bbox 1424 740 1447 779; x_wconf 74' lang='lat' dir='ltr'>a</span> <span class='ocrx_word' id='word_1_123' title='bbox 1467 739 1579 780; x_wconf 60' lang='lat' dir='ltr'>Besa</span> <span class='ocrx_word' id='word_1_124' title='bbox 1598 739 1648 784; x_wconf 60' lang='lat' dir='ltr'>inv</span> <span class='ocrx_word' id='word_1_125' title='bbox 1662 739 1801 793; x_wconf 73' lang='lat' dir='ltr'>colloq.</span> <span class='ocrx_word' id='word_1_126' title='bbox 1823 738 2210 793; x_wconf 69' lang='lat' dir='ltr'>lllompelqardensi,</span> <span class='ocrx_word' id='word_1_127' title='bbox 2234 738 2263 779; x_wconf 89' lang='grc'>81</span> 
     </span>
     <span class='ocr_line' id='line_1_12' title="bbox 319 796 2264 852; baseline -0.002 -12"><span class='ocrx_word' id='word_1_128' title='bbox 319 802 342 840; x_wconf 75' lang='lat' dir='ltr'>a</span> <span class='ocrx_word' id='word_1_129' title='bbox 374 799 547 840; x_wconf 77' lang='lat' dir='ltr'>Danaeo</span> <span class='ocrx_word' id='word_1_130' title='bbox 572 798 615 839; x_wconf 75' lang='grc' dir='ltr'>ἱη</span> <span class='ocrx_word' id='word_1_131' title='bbox 647 797 748 840; x_wconf 75' lang='lat' dir='ltr'>libro</span> <span class='ocrx_word' id='word_1_132' title='bbox 780 812 811 839; x_wconf 85' lang='lat' dir='ltr'>c.</span> <span class='ocrx_word' id='word_1_133' title='bbox 833 797 1125 847; x_wconf 62' lang='lat' dir='ltr'>Cltemnllimn,</span> <span class='ocrx_word' id='word_1_134' title='bbox 1148 812 1223 850; x_wconf 88' lang='lat' dir='ltr'>per</span> <span class='ocrx_word' id='word_1_135' title='bbox 1251 797 1485 838; x_wconf 84' lang='lat' dir='ltr'>adhibitam</span> <span class='ocrx_word' id='word_1_136' title='bbox 1508 797 1759 850; x_wconf 85' lang='lat' dir='ltr'>particulam</span> <span class='ocrx_word' id='word_1_137' title='bbox 1776 811 1872 852; x_wconf 78' lang='lat' dir='ltr'>qua,</span> <span class='ocrx_word' id='word_1_138' title='bbox 1891 811 2019 851; x_wconf 88' lang='lat' dir='ltr'>quam</span> <span class='ocrx_word' id='word_1_139' title='bbox 2036 796 2264 850; x_wconf 86' lang='lat' dir='ltr'>reduplica-</span> 
     </span>
     <span class='ocr_line' id='line_1_13' title="bbox 316 855 2261 911; baseline -0.002 -12"><span class='ocrx_word' id='word_1_140' title='bbox 316 858 400 899; x_wconf 85' lang='lat' dir='ltr'>tive</span> <span class='ocrx_word' id='word_1_141' title='bbox 424 859 453 900; x_wconf 80' lang='grc'>81</span> <span class='ocrx_word' id='word_1_142' title='bbox 469 856 636 911; x_wconf 85' lang='lat' dir='ltr'>proprie</span> <span class='ocrx_word' id='word_1_143' title='bbox 656 856 716 897; x_wconf 90' lang='lat' dir='ltr'>ibi</span> <span class='ocrx_word' id='word_1_144' title='bbox 738 859 924 906; x_wconf 89' lang='lat' dir='ltr'>sumunt,</span> <span class='ocrx_word' id='word_1_145' title='bbox 943 871 1026 897; x_wconf 91' lang='grc'>11011</span> <span class='ocrx_word' id='word_1_146' title='bbox 1044 871 1140 897; x_wconf 89' lang='lat' dir='ltr'>vero</span> <span class='ocrx_word' id='word_1_147' title='bbox 1159 856 1251 897; x_wconf 85' lang='lat' dir='ltr'>laxe</span> <span class='ocrx_word' id='word_1_148' title='bbox 1270 856 1299 898; x_wconf 88' lang='grc'>81</span> <span class='ocrx_word' id='word_1_149' title='bbox 1321 856 1549 910; x_wconf 85' lang='lat' dir='ltr'>improprie</span> <span class='ocrx_word' id='word_1_150' title='bbox 1565 872 1573 905; x_wconf 85' lang='lat'>;</span> <span class='ocrx_word' id='word_1_151' title='bbox 1608 855 1695 897; x_wconf 87' lang='lat' dir='ltr'>sive</span> <span class='ocrx_word' id='word_1_152' title='bbox 1713 856 1992 909; x_wconf 86' lang='lat' dir='ltr'>specificative</span> <span class='ocrx_word' id='word_1_153' title='bbox 2011 855 2097 897; x_wconf 86' lang='lat' dir='ltr'>sive</span> <span class='ocrx_word' id='word_1_154' title='bbox 2116 870 2261 896; x_wconf 32' lang='lat' dir='ltr'>causa-⁷</span> 
     </span>
     <span class='ocr_line' id='line_1_14' title="bbox 317 913 2262 969; baseline -0.002 -12"><span class='ocrx_word' id='word_1_155' title='bbox 317 917 413 957; x_wconf 86' lang='lat' dir='ltr'>liter</span> <span class='ocrx_word' id='word_1_156' title='bbox 445 916 474 958; x_wconf 98' lang='grc'>81</span> <span class='ocrx_word' id='word_1_157' title='bbox 506 915 783 956; x_wconf 84' lang='lat' dir='ltr'>rationaliter.</span> <span class='ocrx_word' id='word_1_158' title='bbox 819 913 945 956; x_wconf 76' lang='lat' dir='ltr'>Absit</span> <span class='ocrx_word' id='word_1_159' title='bbox 977 914 1102 965; x_wconf 88' lang='lat' dir='ltr'>enim,</span> <span class='ocrx_word' id='word_1_160' title='bbox 1131 917 1178 955; x_wconf 92' lang='lat' dir='ltr'>ut</span> <span class='ocrx_word' id='word_1_161' title='bbox 1211 929 1398 968; x_wconf 87' lang='lat' dir='ltr'>unquam</span> <span class='ocrx_word' id='word_1_162' title='bbox 1422 915 1618 968; x_wconf 81' lang='lat' dir='ltr'>negarint</span> <span class='ocrx_word' id='word_1_163' title='bbox 1635 917 1707 955; x_wconf 89' lang='lat' dir='ltr'>aut</span> <span class='ocrx_word' id='word_1_164' title='bbox 1726 929 1881 969; x_wconf 85' lang='lat' dir='ltr'>negare</span> <span class='ocrx_word' id='word_1_165' title='bbox 1901 914 2122 965; x_wconf 85' lang='lat' dir='ltr'>voluerint,</span> <span class='ocrx_word' id='word_1_166' title='bbox 2145 913 2262 955; x_wconf 84' lang='lat' dir='ltr'>Chri-</span> 
     </span>
     <span class='ocr_line' id='line_1_15' title="bbox 318 973 2263 1027; baseline -0.002 -11"><span class='ocrx_word' id='word_1_167' title='bbox 318 978 429 1017; x_wconf 86' lang='lat' dir='ltr'>stum</span> <span class='ocrx_word' id='word_1_168' title='bbox 455 974 669 1016; x_wconf 89' lang='lat' dir='ltr'>hominem</span> <span class='ocrx_word' id='word_1_169' title='bbox 689 974 959 1024; x_wconf 87' lang='lat' dir='ltr'>adorandum,</span> <span class='ocrx_word' id='word_1_170' title='bbox 979 973 1105 1014; x_wconf 88' lang='lat' dir='ltr'>etiam</span> <span class='ocrx_word' id='word_1_171' title='bbox 1124 973 1223 1027; x_wconf 89' lang='lat' dir='ltr'>quia</span> <span class='ocrx_word' id='word_1_172' title='bbox 1244 973 1370 1014; x_wconf 89' lang='lat' dir='ltr'>homo</span> <span class='ocrx_word' id='word_1_173' title='bbox 1388 975 1451 1014; x_wconf 90' lang='lat' dir='ltr'>est</span> <span class='ocrx_word' id='word_1_174' title='bbox 1470 975 1498 1016; x_wconf 85' lang='lat'>&amp;</span> <span class='ocrx_word' id='word_1_175' title='bbox 1516 974 1628 1014; x_wconf 88' lang='lat' dir='ltr'>filius</span> <span class='ocrx_word' id='word_1_176' title='bbox 1646 973 1842 1023; x_wconf 88' lang='lat' dir='ltr'>hominis,</span> <span class='ocrx_word' id='word_1_177' title='bbox 1866 973 2072 1027; x_wconf 82' lang='lat' dir='ltr'>siquidem</span> <span class='ocrx_word' id='word_1_178' title='bbox 2091 987 2263 1026; x_wconf 89' lang='lat' dir='ltr'>respon-</span> 
     </span>
     <span class='ocr_line' id='line_1_16' title="bbox 319 1032 2260 1086; baseline -0.002 -12"><span class='ocrx_word' id='word_1_179' title='bbox 319 1034 500 1075; x_wconf 87' lang='lat' dir='ltr'>dendum</span> <span class='ocrx_word' id='word_1_180' title='bbox 527 1033 684 1084; x_wconf 61' lang='lat' dir='ltr'>fuisset„</span> <span class='ocrx_word' id='word_1_181' title='bbox 700 1033 752 1074; x_wconf 89' lang='lat' dir='ltr'>ad</span> <span class='ocrx_word' id='word_1_182' title='bbox 769 1033 1072 1086; x_wconf 88' lang='lat' dir='ltr'>quaestionem.</span> <span class='ocrx_word' id='word_1_183' title='bbox 1109 1032 1210 1081; x_wconf 81' lang='lat' dir='ltr'>Quis</span> <span class='ocrx_word' id='word_1_184' title='bbox 1234 1032 1480 1081; x_wconf 90' lang='lat' dir='ltr'>adorandus,</span> <span class='ocrx_word' id='word_1_185' title='bbox 1501 1032 1639 1086; x_wconf 86' lang='lat' dir='ltr'>qualis</span> <span class='ocrx_word' id='word_1_186' title='bbox 1657 1032 1902 1086; x_wconf 73' lang='lat' dir='ltr'>adorandus¹</span> <span class='ocrx_word' id='word_1_187' title='bbox 1925 1046 1998 1073; x_wconf 89' lang='lat' dir='ltr'>cur</span> <span class='ocrx_word' id='word_1_188' title='bbox 2016 1032 2260 1073; x_wconf 80' lang='lat' dir='ltr'>adorandus.</span> 
     </span>
     <span class='ocr_line' id='line_1_17' title="bbox 319 1090 2261 1141; baseline -0.001 -8"><span class='ocrx_word' id='word_1_189' title='bbox 319 1092 394 1133; x_wconf 91' lang='lat' dir='ltr'>IV.</span> <span class='ocrx_word' id='word_1_190' title='bbox 428 1092 618 1134; x_wconf 68' lang='lat' dir='ltr'>Dicimus</span> <span class='ocrx_word' id='word_1_191' title='bbox 640 1094 804 1133; x_wconf 87' lang='lat' dir='ltr'>nostros</span> <span class='ocrx_word' id='word_1_192' title='bbox 837 1092 888 1132; x_wconf 87' lang='lat' dir='ltr'>ad</span> <span class='ocrx_word' id='word_1_193' title='bbox 911 1106 1080 1132; x_wconf 88' lang='lat' dir='ltr'>sensum</span> <span class='ocrx_word' id='word_1_194' title='bbox 1101 1091 1130 1132; x_wconf 81' lang='grc'>81</span> <span class='ocrx_word' id='word_1_195' title='bbox 1153 1091 1431 1132; x_wconf 88' lang='lat' dir='ltr'>intentionem</span> <span class='ocrx_word' id='word_1_196' title='bbox 1449 1090 1787 1132; x_wconf 88' lang='lat' dir='ltr'>Lutheranorum</span> <span class='ocrx_word' id='word_1_197' title='bbox 1800 1092 1909 1141; x_wconf 76' lang='lat' dir='ltr'>vere,</span> <span class='ocrx_word' id='word_1_198' title='bbox 1928 1092 2052 1141; x_wconf 75' lang='lat' dir='ltr'>recte,</span> <span class='ocrx_word' id='word_1_199' title='bbox 2071 1091 2261 1131; x_wconf 76' lang='lat' dir='ltr'>accurate</span> 
     </span>
     <span class='ocr_line' id='line_1_18' title="bbox 320 1149 2263 1206; baseline -0.001 -14"><span class='ocrx_word' id='word_1_200' title='bbox 320 1166 497 1206; x_wconf 80' lang='lat' dir='ltr'>negasse</span> <span class='ocrx_word' id='word_1_201' title='bbox 520 1150 736 1192; x_wconf 82' lang='lat' dir='ltr'>Christum</span> <span class='ocrx_word' id='word_1_202' title='bbox 754 1165 838 1204; x_wconf 85' lang='lat' dir='ltr'>qua</span> <span class='ocrx_word' id='word_1_203' title='bbox 859 1150 1073 1191; x_wconf 86' lang='lat' dir='ltr'>hominem</span> <span class='ocrx_word' id='word_1_204' title='bbox 1092 1150 1362 1191; x_wconf 84' lang='lat' dir='ltr'>adorandum.</span> <span class='ocrx_word' id='word_1_205' title='bbox 1397 1149 1505 1198; x_wconf 75' lang='lat' dir='ltr'>Quia</span> <span class='ocrx_word' id='word_1_206' title='bbox 1521 1150 1726 1204; x_wconf 89' lang='lat' dir='ltr'>quidquid</span> <span class='ocrx_word' id='word_1_207' title='bbox 1747 1149 1810 1190; x_wconf 91' lang='lat' dir='ltr'>illi</span> <span class='ocrx_word' id='word_1_208' title='bbox 1828 1149 2003 1191; x_wconf 82' lang='lat' dir='ltr'>subinde</span> <span class='ocrx_word' id='word_1_209' title='bbox 2020 1149 2064 1190; x_wconf 90' lang='lat' dir='ltr'>in</span> <span class='ocrx_word' id='word_1_210' title='bbox 2081 1149 2216 1190; x_wconf 86' lang='lat' dir='ltr'>calore</span> <span class='ocrx_word' id='word_1_211' title='bbox 2234 1149 2263 1190; x_wconf 83' lang='grc'>81</span> 
     </span>
     <span class='ocr_line' id='line_1_19' title="bbox 321 1207 2264 1264; baseline -0.002 -13"><span class='ocrx_word' id='word_1_212' title='bbox 321 1210 586 1251; x_wconf 88' lang='lat' dir='ltr'>contentione</span> <span class='ocrx_word' id='word_1_213' title='bbox 605 1209 902 1263; x_wconf 86' lang='lat' dir='ltr'>disputationis</span> <span class='ocrx_word' id='word_1_214' title='bbox 918 1209 1023 1250; x_wconf 87' lang='lat' dir='ltr'>haec</span> <span class='ocrx_word' id='word_1_215' title='bbox 1041 1209 1121 1250; x_wconf 89' lang='lat' dir='ltr'>duo</span> <span class='ocrx_word' id='word_1_216' title='bbox 1141 1209 1350 1264; x_wconf 81' lang='lat' dir='ltr'>(quamvis</span> <span class='ocrx_word' id='word_1_217' title='bbox 1368 1208 1562 1262; x_wconf 88' lang='lat' dir='ltr'>imperite</span> <span class='ocrx_word' id='word_1_218' title='bbox 1581 1210 1610 1251; x_wconf 93' lang='grc'>81</span> <span class='ocrx_word' id='word_1_219' title='bbox 1623 1209 1819 1262; x_wconf 85' lang='lat' dir='ltr'>absurde)</span> <span class='ocrx_word' id='word_1_220' title='bbox 1832 1208 2084 1249; x_wconf 85' lang='lat' dir='ltr'>confundere</span> <span class='ocrx_word' id='word_1_221' title='bbox 2098 1207 2264 1248; x_wconf 86' lang='lat' dir='ltr'>videan-</span> 
     </span>
     <span class='ocr_line' id='line_1_20' title="bbox 320 1266 2266 1325; baseline -0.001 -15"><span class='ocrx_word' id='word_1_222' title='bbox 320 1273 402 1320; x_wconf 88' lang='lat' dir='ltr'>tur,</span> <span class='ocrx_word' id='word_1_223' title='bbox 429 1266 475 1306; x_wconf 71' lang='grc' dir='ltr'>τὸ</span> <span class='ocrx_word' id='word_1_224' title='bbox 499 1282 582 1324; x_wconf 74' lang='lat' dir='ltr'>qua</span> <span class='ocrx_word' id='word_1_225' title='bbox 599 1268 918 1325; x_wconf 73' lang='lat' dir='ltr'>specificativmn</span> <span class='ocrx_word' id='word_1_226' title='bbox 943 1270 1015 1308; x_wconf 90' lang='lat' dir='ltr'>aut</span> <span class='ocrx_word' id='word_1_227' title='bbox 1032 1267 1251 1319; x_wconf 73' lang='lat' dir='ltr'>rationale,</span> <span class='ocrx_word' id='word_1_228' title='bbox 1273 1283 1367 1309; x_wconf 88' lang='lat' dir='ltr'>cum</span> <span class='ocrx_word' id='word_1_229' title='bbox 1384 1282 1467 1322; x_wconf 70' lang='lat' dir='ltr'>qna</span> <span class='ocrx_word' id='word_1_230' title='bbox 1484 1268 1800 1322; x_wconf 74' lang='lat' dir='ltr'>recluplicacivo:</span> <span class='ocrx_word' id='word_1_231' title='bbox 1817 1270 1960 1308; x_wconf 83' lang='lat' dir='ltr'>tamen</span> <span class='ocrx_word' id='word_1_232' title='bbox 1982 1267 2063 1308; x_wconf 88' lang='lat' dir='ltr'>huc</span> <span class='ocrx_word' id='word_1_233' title='bbox 2080 1266 2266 1308; x_wconf 90' lang='lat' dir='ltr'>collimat</span> 
     </span>
     <span class='ocr_line' id='line_1_21' title="bbox 320 1326 2269 1382; baseline -0.002 -13"><span class='ocrx_word' id='word_1_234' title='bbox 320 1329 507 1382; x_wconf 90' lang='lat' dir='ltr'>ipsorum</span> <span class='ocrx_word' id='word_1_235' title='bbox 520 1327 763 1381; x_wconf 86' lang='lat' dir='ltr'>disputatio,</span> <span class='ocrx_word' id='word_1_236' title='bbox 776 1329 822 1368; x_wconf 90' lang='lat' dir='ltr'>ut</span> <span class='ocrx_word' id='word_1_237' title='bbox 835 1326 1028 1368; x_wconf 83' lang='lat' dir='ltr'>Christus</span> <span class='ocrx_word' id='word_1_238' title='bbox 1041 1341 1123 1380; x_wconf 90' lang='lat' dir='ltr'>qua</span> <span class='ocrx_word' id='word_1_239' title='bbox 1135 1326 1261 1367; x_wconf 89' lang='lat' dir='ltr'>homo</span> <span class='ocrx_word' id='word_1_240' title='bbox 1276 1327 1396 1381; x_wconf 87' lang='lat' dir='ltr'>[pag.</span> <span class='ocrx_word' id='word_1_241' title='bbox 1411 1326 1516 1382; x_wconf 77' lang='lat'>323]</span> <span class='ocrx_word' id='word_1_242' title='bbox 1529 1329 1702 1380; x_wconf 88' lang='lat' dir='ltr'>propter</span> <span class='ocrx_word' id='word_1_243' title='bbox 1714 1326 1910 1368; x_wconf 90' lang='lat' dir='ltr'>unionem</span> <span class='ocrx_word' id='word_1_244' title='bbox 1922 1326 2184 1380; x_wconf 85' lang='lat' dir='ltr'>personalem</span> <span class='ocrx_word' id='word_1_245' title='bbox 2193 1339 2269 1378; x_wconf 88' lang='lat' dir='ltr'>per</span> 
     </span>
     <span class='ocr_line' id='line_1_22' title="bbox 322 1383 2267 1439; baseline -0.003 -11"><span class='ocrx_word' id='word_1_246' title='bbox 322 1387 609 1428; x_wconf 86' lang='lat' dir='ltr'>immediatam</span> <span class='ocrx_word' id='word_1_247' title='bbox 636 1386 1056 1427; x_wconf 84' lang='lat' dir='ltr'>communicationem</span> <span class='ocrx_word' id='word_1_248' title='bbox 1088 1385 1396 1439; x_wconf 87' lang='lat' dir='ltr'>proprietatum</span> <span class='ocrx_word' id='word_1_249' title='bbox 1425 1385 1590 1426; x_wconf 84' lang='lat' dir='ltr'>divinae</span> <span class='ocrx_word' id='word_1_250' title='bbox 1612 1388 1787 1426; x_wconf 85' lang='lat' dir='ltr'>naturae</span> <span class='ocrx_word' id='word_1_251' title='bbox 1816 1385 1867 1426; x_wconf 88' lang='lat' dir='ltr'>ad</span> <span class='ocrx_word' id='word_1_252' title='bbox 1883 1385 2113 1425; x_wconf 88' lang='lat' dir='ltr'>humanam</span> <span class='ocrx_word' id='word_1_253' title='bbox 2130 1383 2174 1424; x_wconf 90' lang='lat' dir='ltr'>in</span> <span class='ocrx_word' id='word_1_254' title='bbox 2192 1383 2267 1424; x_wconf 86' lang='lat' dir='ltr'>ab·</span> 
     </span>
     <span class='ocr_line' id='line_1_23' title="bbox 322 1443 2267 1498; baseline -0.002 -11"><span class='ocrx_word' id='word_1_255' title='bbox 322 1448 477 1487; x_wconf 88' lang='lat' dir='ltr'>stracto</span> <span class='ocrx_word' id='word_1_256' title='bbox 495 1447 692 1495; x_wconf 86' lang='lat' dir='ltr'>sumtam,</span> <span class='ocrx_word' id='word_1_257' title='bbox 717 1445 878 1486; x_wconf 88' lang='lat' dir='ltr'>dicatur</span> <span class='ocrx_word' id='word_1_258' title='bbox 896 1446 924 1487; x_wconf 56' lang='grc' dir='ltr'>ἃ</span> <span class='ocrx_word' id='word_1_259' title='bbox 942 1445 1147 1495; x_wconf 88' lang='lat' dir='ltr'>credatur,</span> <span class='ocrx_word' id='word_1_260' title='bbox 1167 1445 1494 1498; x_wconf 80' lang='lat' dir='ltr'>omnipraesens,</span> <span class='ocrx_word' id='word_1_261' title='bbox 1513 1444 1767 1494; x_wconf 88' lang='lat' dir='ltr'>ommiscius,</span> <span class='ocrx_word' id='word_1_262' title='bbox 1781 1443 2059 1497; x_wconf 87' lang='lat' dir='ltr'>omnipotens,</span> <span class='ocrx_word' id='word_1_263' title='bbox 2078 1444 2107 1485; x_wconf 87' lang='grc'>81</span> <span class='ocrx_word' id='word_1_264' title='bbox 2124 1457 2267 1484; x_wconf 88' lang='lat' dir='ltr'>conse-</span> 
     </span>
     <span class='ocr_line' id='line_1_24' title="bbox 324 1501 2267 1558; baseline -0.002 -13"><span class='ocrx_word' id='word_1_265' title='bbox 324 1507 501 1558; x_wconf 88' lang='lat' dir='ltr'>quenter</span> <span class='ocrx_word' id='word_1_266' title='bbox 520 1503 745 1545; x_wconf 90' lang='lat' dir='ltr'>adorabilis</span> <span class='ocrx_word' id='word_1_267' title='bbox 761 1520 768 1553; x_wconf 92' lang='grc'><strong>;</strong></span> <span class='ocrx_word' id='word_1_268' title='bbox 783 1504 843 1544; x_wconf 91' lang='lat' dir='ltr'>ita</span> <span class='ocrx_word' id='word_1_269' title='bbox 861 1506 907 1544; x_wconf 92' lang='lat' dir='ltr'>ut</span> <span class='ocrx_word' id='word_1_270' title='bbox 925 1504 1134 1557; x_wconf 85' lang='lat' dir='ltr'>objectum</span> <span class='ocrx_word' id='word_1_271' title='bbox 1153 1503 1330 1544; x_wconf 86' lang='lat' dir='ltr'>formale</span> <span class='ocrx_word' id='word_1_272' title='bbox 1349 1503 1602 1544; x_wconf 86' lang='lat' dir='ltr'>adorationis</span> <span class='ocrx_word' id='word_1_273' title='bbox 1616 1503 1670 1544; x_wconf 90' lang='lat' dir='ltr'>sit</span> <span class='ocrx_word' id='word_1_274' title='bbox 1688 1502 1879 1552; x_wconf 85' lang='lat' dir='ltr'>Christus</span> <span class='ocrx_word' id='word_1_275' title='bbox 1893 1516 1976 1558; x_wconf 71' lang='lat' dir='ltr'>qua</span> <span class='ocrx_word' id='word_1_276' title='bbox 1988 1502 2123 1552; x_wconf 79' lang='lat' dir='ltr'>homo,</span> <span class='ocrx_word' id='word_1_277' title='bbox 2136 1501 2179 1542; x_wconf 91' lang='lat' dir='ltr'>id</span> <span class='ocrx_word' id='word_1_278' title='bbox 2192 1504 2267 1552; x_wconf 89' lang='lat' dir='ltr'>est,</span> 
     </span>
     <span class='ocr_line' id='line_1_25' title="bbox 324 1561 2268 1617; baseline -0.001 -14"><span class='ocrx_word' id='word_1_279' title='bbox 324 1563 412 1617; x_wconf 79' lang='lat' dir='ltr'>ejus</span> <span class='ocrx_word' id='word_1_280' title='bbox 444 1563 701 1613; x_wconf 86' lang='lat' dir='ltr'>humanitas,</span> <span class='ocrx_word' id='word_1_281' title='bbox 734 1577 808 1603; x_wconf 90' lang='lat' dir='ltr'>seu</span> <span class='ocrx_word' id='word_1_282' title='bbox 839 1562 1026 1603; x_wconf 86' lang='lat' dir='ltr'>humana</span> <span class='ocrx_word' id='word_1_283' title='bbox 1055 1565 1220 1603; x_wconf 88' lang='lat' dir='ltr'>natura.</span> <span class='ocrx_word' id='word_1_284' title='bbox 1254 1561 1363 1603; x_wconf 87' lang='lat' dir='ltr'>Vide</span> <span class='ocrx_word' id='word_1_285' title='bbox 1392 1562 1874 1604; x_wconf 62' lang='grc' dir='ltr'>Βοὴ-11111111·Ραεσῐσιιῖιιυι</span> <span class='ocrx_word' id='word_1_286' title='bbox 1897 1561 2268 1603; x_wconf 61' lang='lat' dir='ltr'>controversiaiwn</span> 
     </span>
     <span class='ocr_line' id='line_1_26' title="bbox 324 1619 2268 1675; baseline -0.002 -13"><span class='ocrx_word' id='word_1_287' title='bbox 324 1622 511 1675; x_wconf 87' lang='lat' dir='ltr'>aliosque</span> <span class='ocrx_word' id='word_1_288' title='bbox 538 1620 648 1662; x_wconf 83' lang='lat' dir='ltr'>infra</span> <span class='ocrx_word' id='word_1_289' title='bbox 667 1620 735 1662; x_wconf 88' lang='lat' dir='ltr'>cit.</span> <span class='ocrx_word' id='word_1_290' title='bbox 764 1620 817 1662; x_wconf 89' lang='lat' dir='ltr'>V.</span> <span class='ocrx_word' id='word_1_291' title='bbox 846 1621 1050 1671; x_wconf 73' lang='lat' dir='ltr'>Dicimus,</span> <span class='ocrx_word' id='word_1_292' title='bbox 1070 1621 1276 1674; x_wconf 83' lang='lat' dir='ltr'>siquidem</span> <span class='ocrx_word' id='word_1_293' title='bbox 1289 1621 1533 1672; x_wconf 89' lang='lat' dir='ltr'>Lutherani,</span> <span class='ocrx_word' id='word_1_294' title='bbox 1552 1623 1624 1662; x_wconf 85' lang='lat' dir='ltr'>aut</span> <span class='ocrx_word' id='word_1_295' title='bbox 1647 1621 1779 1674; x_wconf 86' lang='lat' dir='ltr'>aliqui</span> <span class='ocrx_word' id='word_1_296' title='bbox 1798 1635 1846 1662; x_wconf 87' lang='lat' dir='ltr'>ex</span> <span class='ocrx_word' id='word_1_297' title='bbox 1863 1619 2129 1670; x_wconf 89' lang='lat' dir='ltr'>Lutheranis,</span> <span class='ocrx_word' id='word_1_298' title='bbox 2148 1619 2209 1660; x_wconf 88' lang='lat' dir='ltr'>ita</span> <span class='ocrx_word' id='word_1_299' title='bbox 2226 1634 2268 1660; x_wconf 89' lang='lat' dir='ltr'>se</span> 
     </span>
     <span class='ocr_line' id='line_1_27' title="bbox 325 1678 2269 1736; baseline -0.002 -15"><span class='ocrx_word' id='word_1_300' title='bbox 325 1681 598 1730; x_wconf 85' lang='lat' dir='ltr'>declararent,</span> <span class='ocrx_word' id='word_1_301' title='bbox 627 1680 737 1733; x_wconf 91' lang='lat' dir='ltr'>quod</span> <span class='ocrx_word' id='word_1_302' title='bbox 763 1680 851 1721; x_wconf 89' lang='lat' dir='ltr'>scil.</span> <span class='ocrx_word' id='word_1_303' title='bbox 879 1695 955 1734; x_wconf 90' lang='lat' dir='ltr'>per</span> <span class='ocrx_word' id='word_1_304' title='bbox 982 1678 1026 1717; x_wconf 74' lang='grc' dir='ltr'>τὲ</span> <span class='ocrx_word' id='word_1_305' title='bbox 1046 1679 1390 1736; x_wconf 68' lang='grc'>(111(111011101111111</span> <span class='ocrx_word' id='word_1_306' title='bbox 1410 1680 1524 1720; x_wconf 88' lang='lat' dir='ltr'>aliud</span> <span class='ocrx_word' id='word_1_307' title='bbox 1541 1679 1726 1734; x_wconf 81' lang='lat' dir='ltr'>intelligi</span> <span class='ocrx_word' id='word_1_308' title='bbox 1739 1679 1886 1729; x_wconf 85' lang='lat' dir='ltr'>velint,</span> <span class='ocrx_word' id='word_1_309' title='bbox 1905 1693 2032 1733; x_wconf 88' lang='lat' dir='ltr'>quam</span> <span class='ocrx_word' id='word_1_310' title='bbox 2054 1678 2269 1732; x_wconf 88' lang='lat' dir='ltr'>specifica-</span> 
     </span>
     <span class='ocr_line' id='line_1_28' title="bbox 323 1736 2268 1794; baseline -0.002 -14"><span class='ocrx_word' id='word_1_311' title='bbox 323 1740 494 1789; x_wconf 85' lang='lat' dir='ltr'>tionem,</span> <span class='ocrx_word' id='word_1_312' title='bbox 528 1738 872 1792; x_wconf 72' lang='lat' dir='ltr'>descriptionem,</span> <span class='ocrx_word' id='word_1_313' title='bbox 906 1738 1241 1794; x_wconf 79' lang='lat' dir='ltr'>designationem</span> <span class='ocrx_word' id='word_1_314' title='bbox 1273 1738 1426 1792; x_wconf 86' lang='lat' dir='ltr'>objecti</span> <span class='ocrx_word' id='word_1_315' title='bbox 1458 1738 1671 1789; x_wconf 89' lang='lat' dir='ltr'>adorandi,</span> <span class='ocrx_word' id='word_1_316' title='bbox 1701 1737 1920 1779; x_wconf 87' lang='lat' dir='ltr'>autetiam</span> <span class='ocrx_word' id='word_1_317' title='bbox 1939 1752 2122 1786; x_wconf 86' lang='lat' dir='ltr'>causam,</span> <span class='ocrx_word' id='word_1_318' title='bbox 2142 1736 2268 1778; x_wconf 88' lang='lat' dir='ltr'>moti-</span> 
     </span>
     <span class='ocr_line' id='line_1_29' title="bbox 325 1796 2267 1851; baseline -0.001 -13"><span class='ocrx_word' id='word_1_319' title='bbox 325 1813 436 1849; x_wconf 79' lang='lat' dir='ltr'>vum,</span> <span class='ocrx_word' id='word_1_320' title='bbox 469 1797 667 1847; x_wconf 86' lang='lat' dir='ltr'>medium,</span> <span class='ocrx_word' id='word_1_321' title='bbox 701 1797 907 1839; x_wconf 88' lang='lat' dir='ltr'>rationem</span> <span class='ocrx_word' id='word_1_322' title='bbox 939 1797 1209 1843; x_wconf 87' lang='lat' dir='ltr'>adorationis,</span> <span class='ocrx_word' id='word_1_323' title='bbox 1243 1800 1316 1838; x_wconf 90' lang='lat' dir='ltr'>aut</span> <span class='ocrx_word' id='word_1_324' title='bbox 1338 1797 1548 1851; x_wconf 88' lang='lat' dir='ltr'>objectum</span> <span class='ocrx_word' id='word_1_325' title='bbox 1570 1797 1812 1846; x_wconf 88' lang='lat' dir='ltr'>materiale;</span> <span class='ocrx_word' id='word_1_326' title='bbox 1841 1811 1924 1838; x_wconf 90' lang='lat' dir='ltr'>non</span> <span class='ocrx_word' id='word_1_327' title='bbox 1943 1811 2038 1837; x_wconf 88' lang='lat' dir='ltr'>vero</span> <span class='ocrx_word' id='word_1_328' title='bbox 2057 1796 2267 1849; x_wconf 87' lang='lat' dir='ltr'>objectum</span> 
     </span>
     <span class='ocr_line' id='line_1_30' title="bbox 326 1854 2269 1910; baseline -0.002 -12"><span class='ocrx_word' id='word_1_329' title='bbox 326 1856 500 1898; x_wconf 76' lang='lat' dir='ltr'>formale</span> <span class='ocrx_word' id='word_1_330' title='bbox 536 1859 609 1897; x_wconf 84' lang='lat' dir='ltr'>aut</span> <span class='ocrx_word' id='word_1_331' title='bbox 641 1856 850 1910; x_wconf 86' lang='lat' dir='ltr'>objectum</span> <span class='ocrx_word' id='word_1_332' title='bbox 880 1856 1066 1910; x_wconf 90' lang='lat' dir='ltr'>primum</span> <span class='ocrx_word' id='word_1_333' title='bbox 1098 1858 1126 1899; x_wconf 91' lang='grc'>81</span> <span class='ocrx_word' id='word_1_334' title='bbox 1149 1856 1407 1903; x_wconf 62' lang='lat' dir='ltr'>intimatum,</span> <span class='ocrx_word' id='word_1_335' title='bbox 1427 1858 1499 1897; x_wconf 88' lang='lat' dir='ltr'>aut</span> <span class='ocrx_word' id='word_1_336' title='bbox 1516 1855 1835 1897; x_wconf 86' lang='lat' dir='ltr'>fundamentum</span> <span class='ocrx_word' id='word_1_337' title='bbox 1855 1855 2036 1896; x_wconf 83' lang='lat' dir='ltr'>fundans</span> <span class='ocrx_word' id='word_1_338' title='bbox 2059 1854 2269 1895; x_wconf 82' lang='lat' dir='ltr'>adoratio-</span> 
     </span>
     <span class='ocr_line' id='line_1_31' title="bbox 326 1913 2269 1968; baseline -0.002 -12"><span class='ocrx_word' id='word_1_339' title='bbox 326 1930 434 1966; x_wconf 89' lang='lat' dir='ltr'>nem,</span> <span class='ocrx_word' id='word_1_340' title='bbox 467 1917 540 1956; x_wconf 88' lang='lat' dir='ltr'>aut</span> <span class='ocrx_word' id='word_1_341' title='bbox 577 1915 784 1956; x_wconf 90' lang='lat' dir='ltr'>rationem</span> <span class='ocrx_word' id='word_1_342' title='bbox 816 1914 1190 1966; x_wconf 84' lang='lat' dir='ltr'>fundamentalem,</span> <span class='ocrx_word' id='word_1_343' title='bbox 1221 1918 1294 1958; x_wconf 85' lang='lat' dir='ltr'>aut</span> <span class='ocrx_word' id='word_1_344' title='bbox 1311 1914 1518 1956; x_wconf 89' lang='lat' dir='ltr'>rationem</span> <span class='ocrx_word' id='word_1_345' title='bbox 1541 1914 1762 1955; x_wconf 86' lang='lat' dir='ltr'>formalem</span> <span class='ocrx_word' id='word_1_346' title='bbox 1785 1913 2054 1960; x_wconf 89' lang='lat' dir='ltr'>adorationis,</span> <span class='ocrx_word' id='word_1_347' title='bbox 2075 1915 2176 1968; x_wconf 84' lang='lat' dir='ltr'>(qua</span> <span class='ocrx_word' id='word_1_348' title='bbox 2194 1927 2269 1966; x_wconf 90' lang='lat' dir='ltr'>po-</span> 
     </span>
     <span class='ocr_line' id='line_1_32' title="bbox 326 1971 2269 2028; baseline -0.002 -14"><span class='ocrx_word' id='word_1_349' title='bbox 326 1974 407 2015; x_wconf 83' lang='lat' dir='ltr'>sita</span> <span class='ocrx_word' id='word_1_350' title='bbox 442 1973 624 2028; x_wconf 87' lang='lat' dir='ltr'>ponitur,</span> <span class='ocrx_word' id='word_1_351' title='bbox 659 1973 688 2015; x_wconf 82' lang='lat'>&amp;</span> <span class='ocrx_word' id='word_1_352' title='bbox 726 1988 807 2027; x_wconf 89' lang='lat' dir='ltr'>qua</span> <span class='ocrx_word' id='word_1_353' title='bbox 840 1974 983 2015; x_wconf 87' lang='lat' dir='ltr'>ablata</span> <span class='ocrx_word' id='word_1_354' title='bbox 1020 1975 1223 2025; x_wconf 86' lang='lat' dir='ltr'>aufertur,</span> <span class='ocrx_word' id='word_1_355' title='bbox 1262 1974 1290 2015; x_wconf 87' lang='grc'>81</span> <span class='ocrx_word' id='word_1_356' title='bbox 1323 1974 1366 2014; x_wconf 89' lang='grc'>111</span> <span class='ocrx_word' id='word_1_357' title='bbox 1381 1988 1506 2027; x_wconf 81' lang='lat' dir='ltr'>quam</span> <span class='ocrx_word' id='word_1_358' title='bbox 1525 1973 1579 2014; x_wconf 88' lang='lat' dir='ltr'>sit</span> <span class='ocrx_word' id='word_1_359' title='bbox 1602 1973 1751 2014; x_wconf 89' lang='lat' dir='ltr'>ultima</span> <span class='ocrx_word' id='word_1_360' title='bbox 1768 1972 2022 2014; x_wconf 86' lang='lat' dir='ltr'>adorationis</span> <span class='ocrx_word' id='word_1_361' title='bbox 2042 1971 2226 2025; x_wconf 81' lang='lat' dir='ltr'>analysis</span> <span class='ocrx_word' id='word_1_362' title='bbox 2241 1971 2269 2023; x_wconf 79' lang='lat' dir='ltr'>z)</span> 
     </span>
     <span class='ocr_line' id='line_1_33' title="bbox 327 2031 2270 2087; baseline -0.001 -14"><span class='ocrx_word' id='word_1_363' title='bbox 327 2033 472 2087; x_wconf 88' lang='lat' dir='ltr'>utique</span> <span class='ocrx_word' id='word_1_364' title='bbox 490 2048 525 2073; x_wconf 65' lang='lat' dir='ltr'>na</span> <span class='ocrx_word' id='word_1_365' title='bbox 539 2033 696 2073; x_wconf 86' lang='lat' dir='ltr'>llemus</span> <span class='ocrx_word' id='word_1_366' title='bbox 718 2032 826 2073; x_wconf 88' lang='lat' dir='ltr'>hanc</span> <span class='ocrx_word' id='word_1_367' title='bbox 844 2033 1068 2074; x_wconf 87' lang='lat' dir='ltr'>nominalis</span> <span class='ocrx_word' id='word_1_368' title='bbox 1086 2032 1393 2075; x_wconf 85' lang='lat' dir='ltr'>controversiae</span> <span class='ocrx_word' id='word_1_369' title='bbox 1411 2047 1569 2073; x_wconf 87' lang='lat' dir='ltr'>serram</span> <span class='ocrx_word' id='word_1_370' title='bbox 1588 2047 1682 2073; x_wconf 89' lang='lat' dir='ltr'>cum</span> <span class='ocrx_word' id='word_1_371' title='bbox 1699 2031 1801 2085; x_wconf 87' lang='lat' dir='ltr'>ipsis</span> <span class='ocrx_word' id='word_1_372' title='bbox 1823 2031 2103 2084; x_wconf 86' lang='lat' dir='ltr'>reciprocare;</span> <span class='ocrx_word' id='word_1_373' title='bbox 2122 2044 2270 2084; x_wconf 88' lang='lat' dir='ltr'>quam-</span> 
     </span>
     <span class='ocr_line' id='line_1_34' title="bbox 328 2089 2272 2145; baseline -0.002 -13"><span class='ocrx_word' id='word_1_374' title='bbox 328 2092 389 2132; x_wconf 80' lang='lat' dir='ltr'>vis</span> <span class='ocrx_word' id='word_1_375' title='bbox 413 2094 554 2132; x_wconf 88' lang='lat' dir='ltr'>tamen</span> <span class='ocrx_word' id='word_1_376' title='bbox 577 2089 834 2138; x_wconf 65' lang='grc' dir='ltr'>ἀκυρσλογίκς</span> <span class='ocrx_word' id='word_1_377' title='bbox 851 2093 880 2133; x_wconf 87' lang='grc'>81</span> <span class='ocrx_word' id='word_1_378' title='bbox 900 2107 1046 2133; x_wconf 90' lang='lat' dir='ltr'>vocum</span> <span class='ocrx_word' id='word_1_379' title='bbox 1064 2092 1324 2133; x_wconf 86' lang='lat' dir='ltr'>catachreses</span> <span class='ocrx_word' id='word_1_380' title='bbox 1342 2091 1385 2132; x_wconf 89' lang='lat' dir='ltr'>in</span> <span class='ocrx_word' id='word_1_381' title='bbox 1403 2090 1605 2145; x_wconf 86' lang='lat' dir='ltr'>ejusmodi</span> <span class='ocrx_word' id='word_1_382' title='bbox 1632 2090 1843 2144; x_wconf 84' lang='lat' dir='ltr'>mysteriis</span> <span class='ocrx_word' id='word_1_383' title='bbox 1862 2090 1950 2140; x_wconf 88' lang='lat' dir='ltr'>(ubi</span> <span class='ocrx_word' id='word_1_384' title='bbox 1971 2103 2272 2142; x_wconf 87' lang='lat' dir='ltr'>nonnunquam</span> 
     </span>
     <span class='ocr_line' id='line_1_35' title="bbox 329 2146 2272 2206; baseline -0.002 -15"><span class='ocrx_word' id='word_1_385' title='bbox 329 2165 425 2191; x_wconf 86' lang='lat' dir='ltr'>vera</span> <span class='ocrx_word' id='word_1_386' title='bbox 443 2150 577 2191; x_wconf 89' lang='lat' dir='ltr'>dicere</span> <span class='ocrx_word' id='word_1_387' title='bbox 601 2148 881 2202; x_wconf 85' lang='lat' dir='ltr'>periculosum</span> <span class='ocrx_word' id='word_1_388' title='bbox 900 2151 983 2206; x_wconf 85' lang='lat' dir='ltr'>est)</span> <span class='ocrx_word' id='word_1_389' title='bbox 1002 2151 1172 2191; x_wconf 88' lang='lat' dir='ltr'>laudare</span> <span class='ocrx_word' id='word_1_390' title='bbox 1191 2165 1273 2191; x_wconf 90' lang='lat' dir='ltr'>non</span> <span class='ocrx_word' id='word_1_391' title='bbox 1290 2164 1521 2204; x_wconf 84' lang='lat' dir='ltr'>possemus.</span> <span class='ocrx_word' id='word_1_392' title='bbox 1539 2147 1612 2190; x_wconf 88' lang='lat' dir='ltr'>VI.</span> <span class='ocrx_word' id='word_1_393' title='bbox 1626 2149 1829 2198; x_wconf 71' lang='lat' dir='ltr'>Dicimus,</span> <span class='ocrx_word' id='word_1_394' title='bbox 1847 2148 2054 2201; x_wconf 88' lang='lat' dir='ltr'>siquidem</span> <span class='ocrx_word' id='word_1_395' title='bbox 2071 2146 2202 2201; x_wconf 91' lang='lat' dir='ltr'>aliqui</span> <span class='ocrx_word' id='word_1_396' title='bbox 2221 2162 2272 2188; x_wconf 87' lang='lat' dir='ltr'>ex</span> 
     </span>
     <span class='ocr_line' id='line_1_36' title="bbox 330 2206 2271 2263; baseline -0.002 -14"><span class='ocrx_word' id='word_1_397' title='bbox 330 2209 412 2250; x_wconf 88' lang='lat' dir='ltr'>illis</span> <span class='ocrx_word' id='word_1_398' title='bbox 445 2208 568 2249; x_wconf 84' lang='lat' dir='ltr'>hodie</span> <span class='ocrx_word' id='word_1_399' title='bbox 599 2207 708 2248; x_wconf 87' lang='lat' dir='ltr'>hanc</span> <span class='ocrx_word' id='word_1_400' title='bbox 727 2209 1016 2261; x_wconf 84' lang='lat' dir='ltr'>quaestionem</span> <span class='ocrx_word' id='word_1_401' title='bbox 1033 2212 1280 2263; x_wconf 85' lang='lat' dir='ltr'>proponant.</span> <span class='ocrx_word' id='word_1_402' title='bbox 1314 2208 1383 2249; x_wconf 86' lang='lat' dir='ltr'>Au</span> <span class='ocrx_word' id='word_1_403' title='bbox 1401 2208 1455 2248; x_wconf 87' lang='lat' dir='ltr'>sit</span> <span class='ocrx_word' id='word_1_404' title='bbox 1472 2207 1705 2248; x_wconf 82' lang='lat' dir='ltr'>adorandus</span> <span class='ocrx_word' id='word_1_405' title='bbox 1722 2207 1796 2249; x_wconf 73' lang='grc'>3111)</span> <span class='ocrx_word' id='word_1_406' title='bbox 1814 2207 1887 2248; x_wconf 81' lang='lat' dir='ltr'>hoc</span> <span class='ocrx_word' id='word_1_407' title='bbox 1907 2206 2080 2261; x_wconf 72' lang='lat' dir='ltr'>formali</span> <span class='ocrx_word' id='word_1_408' title='bbox 2097 2207 2181 2261; x_wconf 70' lang='lat' dir='ltr'>quit</span> <span class='ocrx_word' id='word_1_409' title='bbox 2198 2206 2271 2247; x_wconf 72' lang='lat' dir='ltr'>leo-</span> 
     </span>
     <span class='ocr_line' id='line_1_37' title="bbox 333 2264 2270 2323; baseline -0.002 -15"><span class='ocrx_word' id='word_1_410' title='bbox 333 2281 410 2317; x_wconf 82' lang='lat' dir='ltr'>mo,</span> <span class='ocrx_word' id='word_1_411' title='bbox 445 2269 518 2307; x_wconf 89' lang='lat' dir='ltr'>aut</span> <span class='ocrx_word' id='word_1_412' title='bbox 543 2265 617 2308; x_wconf 78' lang='grc'>3111)</span> <span class='ocrx_word' id='word_1_413' title='bbox 637 2266 713 2307; x_wconf 77' lang='lat' dir='ltr'>hac</span> <span class='ocrx_word' id='word_1_414' title='bbox 728 2268 886 2309; x_wconf 69' lang='lat' dir='ltr'>ratione</span> <span class='ocrx_word' id='word_1_415' title='bbox 902 2269 1074 2322; x_wconf 76' lang='lat' dir='ltr'>formali</span> <span class='ocrx_word' id='word_1_416' title='bbox 1091 2269 1173 2323; x_wconf 69' lang='lat' dir='ltr'>qm&#39;c</span> <span class='ocrx_word' id='word_1_417' title='bbox 1191 2268 1336 2309; x_wconf 78' lang='lat' dir='ltr'>homo:</span> <span class='ocrx_word' id='word_1_418' title='bbox 1355 2281 1437 2307; x_wconf 85' lang='grc'>11011</span> <span class='ocrx_word' id='word_1_419' title='bbox 1456 2281 1543 2307; x_wconf 89' lang='lat' dir='ltr'>esse</span> <span class='ocrx_word' id='word_1_420' title='bbox 1567 2266 1900 2319; x_wconf 82' lang='lat' dir='ltr'>respondendum</span> <span class='ocrx_word' id='word_1_421' title='bbox 1917 2265 2180 2315; x_wconf 87' lang='lat' dir='ltr'>affirmando,</span> <span class='ocrx_word' id='word_1_422' title='bbox 2200 2264 2270 2305; x_wconf 86' lang='lat' dir='ltr'>sed</span> 
     </span>
     <span class='ocr_line' id='line_1_38' title="bbox 330 2324 2272 2380; baseline -0.002 -14"><span class='ocrx_word' id='word_1_423' title='bbox 330 2326 468 2379; x_wconf 87' lang='lat' dir='ltr'>potius</span> <span class='ocrx_word' id='word_1_424' title='bbox 490 2326 694 2380; x_wconf 83' lang='lat' dir='ltr'>negando.</span> <span class='ocrx_word' id='word_1_425' title='bbox 729 2324 930 2374; x_wconf 83' lang='lat' dir='ltr'>Quamvis</span> <span class='ocrx_word' id='word_1_426' title='bbox 951 2327 1063 2368; x_wconf 89' lang='lat' dir='ltr'>enim</span> <span class='ocrx_word' id='word_1_427' title='bbox 1097 2326 1261 2379; x_wconf 87' lang='lat' dir='ltr'>antiqui</span> <span class='ocrx_word' id='word_1_428' title='bbox 1291 2324 1523 2366; x_wconf 88' lang='lat' dir='ltr'>Lutherani</span> <span class='ocrx_word' id='word_1_429' title='bbox 1541 2324 1672 2378; x_wconf 84' lang='lat' dir='ltr'>aliqui</span> <span class='ocrx_word' id='word_1_430' title='bbox 1691 2326 1733 2379; x_wconf 88' lang='lat' dir='ltr'>(a</span> <span class='ocrx_word' id='word_1_431' title='bbox 1751 2324 1903 2378; x_wconf 85' lang='lat' dir='ltr'>quibus</span> <span class='ocrx_word' id='word_1_432' title='bbox 1919 2326 2062 2364; x_wconf 88' lang='lat' dir='ltr'>tamen</span> <span class='ocrx_word' id='word_1_433' title='bbox 2078 2338 2161 2364; x_wconf 85' lang='lat' dir='ltr'>non</span> <span class='ocrx_word' id='word_1_434' title='bbox 2183 2337 2272 2363; x_wconf 88' lang='lat' dir='ltr'>me-</span> 
     </span>
     <span class='ocr_line' id='line_1_39' title="bbox 331 2381 2271 2439; baseline -0.001 -15"><span class='ocrx_word' id='word_1_435' title='bbox 331 2384 433 2424; x_wconf 89' lang='lat' dir='ltr'>mini</span> <span class='ocrx_word' id='word_1_436' title='bbox 466 2384 754 2437; x_wconf 86' lang='lat' dir='ltr'>quaestionem</span> <span class='ocrx_word' id='word_1_437' title='bbox 787 2385 845 2426; x_wconf 87' lang='lat' dir='ltr'>sic</span> <span class='ocrx_word' id='word_1_438' title='bbox 882 2386 1013 2426; x_wconf 85' lang='lat' dir='ltr'>solere</span> <span class='ocrx_word' id='word_1_439' title='bbox 1052 2385 1245 2439; x_wconf 87' lang='lat' dir='ltr'>proponi)</span> <span class='ocrx_word' id='word_1_440' title='bbox 1284 2384 1327 2425; x_wconf 90' lang='grc'>111</span> <span class='ocrx_word' id='word_1_441' title='bbox 1361 2383 1637 2425; x_wconf 87' lang='lat' dir='ltr'>terminorum</span> <span class='ocrx_word' id='word_1_442' title='bbox 1660 2382 1951 2436; x_wconf 88' lang='lat' dir='ltr'>philosophica</span> <span class='ocrx_word' id='word_1_443' title='bbox 1975 2386 2002 2422; x_wconf 83' lang='lat'>&amp;</span> <span class='ocrx_word' id='word_1_444' title='bbox 2022 2381 2271 2423; x_wconf 86' lang='lat' dir='ltr'>scholastica</span> 
     </span>
     <span class='ocr_line' id='line_1_40' title="bbox 332 2439 2270 2495; baseline -0.002 -13"><span class='ocrx_word' id='word_1_445' title='bbox 332 2440 589 2495; x_wconf 68' lang='grc' dir='ltr'>ἁκριβελσγίᾳ</span> <span class='ocrx_word' id='word_1_446' title='bbox 603 2442 741 2483; x_wconf 87' lang='lat' dir='ltr'>minus</span> <span class='ocrx_word' id='word_1_447' title='bbox 774 2444 991 2484; x_wconf 81' lang='lat' dir='ltr'>exercitati</span> <span class='ocrx_word' id='word_1_448' title='bbox 1022 2443 1192 2493; x_wconf 90' lang='lat' dir='ltr'>fuerint,</span> <span class='ocrx_word' id='word_1_449' title='bbox 1211 2443 1339 2484; x_wconf 87' lang='lat' dir='ltr'>immo</span> <span class='ocrx_word' id='word_1_450' title='bbox 1356 2441 1547 2483; x_wconf 88' lang='lat' dir='ltr'>nonnulli</span> <span class='ocrx_word' id='word_1_451' title='bbox 1567 2456 1616 2482; x_wconf 85' lang='lat' dir='ltr'>ex</span> <span class='ocrx_word' id='word_1_452' title='bbox 1638 2441 1722 2482; x_wconf 85' lang='lat' dir='ltr'>illis</span> <span class='ocrx_word' id='word_1_453' title='bbox 1741 2456 1833 2482; x_wconf 90' lang='lat' dir='ltr'>eam</span> <span class='ocrx_word' id='word_1_454' title='bbox 1851 2441 1952 2482; x_wconf 87' lang='lat' dir='ltr'>satis</span> <span class='ocrx_word' id='word_1_455' title='bbox 1970 2439 2270 2482; x_wconf 75' lang='lat' dir='ltr'>fastidiverint:</span> 
     </span>
     <span class='ocr_line' id='line_1_41' title="bbox 334 2497 2271 2555; baseline -0.003 -13"><span class='ocrx_word' id='word_1_456' title='bbox 334 2504 379 2542; x_wconf 88' lang='lat' dir='ltr'>ut</span> <span class='ocrx_word' id='word_1_457' title='bbox 395 2505 536 2542; x_wconf 87' lang='lat' dir='ltr'>tamen</span> <span class='ocrx_word' id='word_1_458' title='bbox 553 2500 676 2542; x_wconf 91' lang='lat' dir='ltr'>hodie</span> <span class='ocrx_word' id='word_1_459' title='bbox 699 2502 1003 2543; x_wconf 82' lang='lat' dir='ltr'>controversiae</span> <span class='ocrx_word' id='word_1_460' title='bbox 1027 2502 1138 2543; x_wconf 89' lang='lat' dir='ltr'>inter</span> <span class='ocrx_word' id='word_1_461' title='bbox 1168 2516 1243 2542; x_wconf 84' lang='lat' dir='ltr'>nos</span> <span class='ocrx_word' id='word_1_462' title='bbox 1266 2506 1293 2541; x_wconf 67' lang='lat' dir='ltr'>&amp;r</span> <span class='ocrx_word' id='word_1_463' title='bbox 1310 2502 1436 2555; x_wconf 86' lang='lat' dir='ltr'>ipsos,</span> <span class='ocrx_word' id='word_1_464' title='bbox 1456 2500 1584 2543; x_wconf 82' lang='grc'>8111110</span> <span class='ocrx_word' id='word_1_465' title='bbox 1601 2502 1795 2553; x_wconf 85' lang='lat' dir='ltr'>spectans</span> <span class='ocrx_word' id='word_1_466' title='bbox 1818 2514 1916 2540; x_wconf 89' lang='lat' dir='ltr'>usus</span> <span class='ocrx_word' id='word_1_467' title='bbox 1935 2498 2210 2539; x_wconf 88' lang='lat' dir='ltr'>terminorum</span> <span class='ocrx_word' id='word_1_468' title='bbox 2228 2497 2271 2537; x_wconf 90' lang='lat' dir='ltr'>in</span> 
     </span>
     <span class='ocr_line' id='line_1_42' title="bbox 333 2555 2272 2614; baseline -0.002 -14"><span class='ocrx_word' id='word_1_469' title='bbox 333 2561 424 2600; x_wconf 84' lang='lat' dir='ltr'>luce</span> <span class='ocrx_word' id='word_1_470' title='bbox 442 2559 601 2613; x_wconf 90' lang='lat' dir='ltr'>positus</span> <span class='ocrx_word' id='word_1_471' title='bbox 615 2561 689 2608; x_wconf 87' lang='lat' dir='ltr'>est,</span> <span class='ocrx_word' id='word_1_472' title='bbox 709 2559 977 2614; x_wconf 86' lang='lat' dir='ltr'>ipsorumque</span> <span class='ocrx_word' id='word_1_473' title='bbox 996 2561 1162 2602; x_wconf 85' lang='lat' dir='ltr'>scholae</span> <span class='ocrx_word' id='word_1_474' title='bbox 1180 2559 1490 2614; x_wconf 81' lang='lat' dir='ltr'>metaphysicas</span> <span class='ocrx_word' id='word_1_475' title='bbox 1518 2558 1800 2599; x_wconf 86' lang='lat' dir='ltr'>formalitates</span> <span class='ocrx_word' id='word_1_476' title='bbox 1818 2557 2014 2599; x_wconf 87' lang='lat' dir='ltr'>studiosis</span> <span class='ocrx_word' id='word_1_477' title='bbox 2031 2555 2272 2610; x_wconf 83' lang='lat' dir='ltr'>theologiae</span> 
     </span>
     <span class='ocr_line' id='line_1_43' title="bbox 335 2614 2272 2673; baseline -0.002 -15"><span class='ocrx_word' id='word_1_478' title='bbox 335 2618 491 2671; x_wconf 87' lang='lat' dir='ltr'>passim</span> <span class='ocrx_word' id='word_1_479' title='bbox 529 2617 762 2667; x_wconf 88' lang='lat' dir='ltr'>inculcant;</span> <span class='ocrx_word' id='word_1_480' title='bbox 796 2634 878 2660; x_wconf 89' lang='lat' dir='ltr'>non</span> <span class='ocrx_word' id='word_1_481' title='bbox 905 2634 1126 2673; x_wconf 88' lang='lat' dir='ltr'>possumus</span> <span class='ocrx_word' id='word_1_482' title='bbox 1150 2619 1280 2660; x_wconf 87' lang='lat' dir='ltr'>nimia</span> <span class='ocrx_word' id='word_1_483' title='bbox 1297 2615 1605 2666; x_wconf 65' lang='grc' dir='ltr'>συγκκτκβὰσει</span> <span class='ocrx_word' id='word_1_484' title='bbox 1623 2617 1699 2658; x_wconf 84' lang='lat' dir='ltr'>sub</span> <span class='ocrx_word' id='word_1_485' title='bbox 1719 2616 1952 2670; x_wconf 88' lang='lat' dir='ltr'>periculoso</span> <span class='ocrx_word' id='word_1_486' title='bbox 1973 2615 2047 2656; x_wconf 89' lang='lat' dir='ltr'>tali</span> <span class='ocrx_word' id='word_1_487' title='bbox 2067 2614 2272 2656; x_wconf 88' lang='lat' dir='ltr'>cothurno</span> 
     </span>
     <span class='ocr_line' id='line_1_44' title="bbox 335 2671 2272 2731; baseline -0.002 -15"><span class='ocrx_word' id='word_1_488' title='bbox 335 2677 469 2729; x_wconf 86' lang='lat' dir='ltr'>ipsam</span> <span class='ocrx_word' id='word_1_489' title='bbox 488 2675 674 2716; x_wconf 78' lang='lat' dir='ltr'>veritatis</span> <span class='ocrx_word' id='word_1_490' title='bbox 693 2690 861 2719; x_wconf 82' lang='lat' dir='ltr'>causam</span> <span class='ocrx_word' id='word_1_491' title='bbox 880 2678 1127 2719; x_wconf 86' lang='lat' dir='ltr'>adversariis</span> <span class='ocrx_word' id='word_1_492' title='bbox 1147 2677 1266 2731; x_wconf 89' lang='lat' dir='ltr'>quasi</span> <span class='ocrx_word' id='word_1_493' title='bbox 1284 2678 1462 2728; x_wconf 84' lang='lat' dir='ltr'>tradere,</span> <span class='ocrx_word' id='word_1_494' title='bbox 1481 2679 1554 2718; x_wconf 89' lang='lat' dir='ltr'>aut</span> <span class='ocrx_word' id='word_1_495' title='bbox 1571 2676 1722 2717; x_wconf 83' lang='lat' dir='ltr'>saltem</span> <span class='ocrx_word' id='word_1_496' title='bbox 1739 2675 1926 2729; x_wconf 88' lang='lat' dir='ltr'>periculo</span> <span class='ocrx_word' id='word_1_497' title='bbox 1945 2687 2163 2727; x_wconf 88' lang='lat' dir='ltr'>exponere.</span> <span class='ocrx_word' id='word_1_498' title='bbox 2177 2671 2272 2713; x_wconf 84' lang='lat' dir='ltr'>-Sed</span> 
     </span>
     <span class='ocr_line' id='line_1_45' title="bbox 336 2731 2273 2790; baseline -0.002 -16"><span class='ocrx_word' id='word_1_499' title='bbox 336 2736 510 2787; x_wconf 85' lang='lat' dir='ltr'>quaerat</span> <span class='ocrx_word' id='word_1_500' title='bbox 542 2734 648 2786; x_wconf 90' lang='lat' dir='ltr'>quis,</span> <span class='ocrx_word' id='word_1_501' title='bbox 681 2736 780 2787; x_wconf 87' lang='lat' dir='ltr'>quid</span> <span class='ocrx_word' id='word_1_502' title='bbox 811 2737 1145 2790; x_wconf 88' lang='lat' dir='ltr'>respondendum</span> <span class='ocrx_word' id='word_1_503' title='bbox 1163 2738 1285 2787; x_wconf 87' lang='lat' dir='ltr'>esset,</span> <span class='ocrx_word' id='word_1_504' title='bbox 1305 2736 1340 2776; x_wconf 89' lang='lat' dir='ltr'>si</span> <span class='ocrx_word' id='word_1_505' title='bbox 1357 2736 1450 2790; x_wconf 88' lang='lat' dir='ltr'>quis</span> <span class='ocrx_word' id='word_1_506' title='bbox 1473 2751 1546 2790; x_wconf 90' lang='lat' dir='ltr'>per</span> <span class='ocrx_word' id='word_1_507' title='bbox 1562 2731 1607 2771; x_wconf 65' lang='grc' dir='ltr'>τὸ</span> <span class='ocrx_word' id='word_1_508' title='bbox 1627 2734 1701 2776; x_wconf 74' lang='lat' dir='ltr'>sab</span> <span class='ocrx_word' id='word_1_509' title='bbox 1719 2735 1786 2776; x_wconf 75' lang='lat' dir='ltr'>illo</span> <span class='ocrx_word' id='word_1_510' title='bbox 1808 2732 1977 2787; x_wconf 74' lang='lat' dir='ltr'>formali</span> <span class='ocrx_word' id='word_1_511' title='bbox 1998 2745 2094 2788; x_wconf 77' lang='lat' dir='ltr'>qua,</span> <span class='ocrx_word' id='word_1_512' title='bbox 2113 2745 2186 2772; x_wconf 92' lang='lat' dir='ltr'>seu</span> <span class='ocrx_word' id='word_1_513' title='bbox 2197 2745 2273 2785; x_wconf 88' lang='lat' dir='ltr'>per</span> 
     </span>
     <span class='ocr_line' id='line_1_46' title="bbox 335 2790 2273 2850; baseline -0.002 -17"><span class='ocrx_word' id='word_1_514' title='bbox 335 2790 379 2830; x_wconf 77' lang='grc' dir='ltr'>τὲ</span> <span class='ocrx_word' id='word_1_515' title='bbox 413 2806 497 2847; x_wconf 77' lang='lat' dir='ltr'>qua</span> <span class='ocrx_word' id='word_1_516' title='bbox 523 2792 705 2845; x_wconf 78' lang='lat' dir='ltr'>intelligi</span> <span class='ocrx_word' id='word_1_517' title='bbox 724 2795 849 2836; x_wconf 88' lang='lat' dir='ltr'>vellet</span> <span class='ocrx_word' id='word_1_518' title='bbox 864 2795 993 2836; x_wconf 85' lang='lat' dir='ltr'>talem</span> <span class='ocrx_word' id='word_1_519' title='bbox 1013 2795 1163 2836; x_wconf 86' lang='lat' dir='ltr'>dictam</span> <span class='ocrx_word' id='word_1_520' title='bbox 1183 2797 1256 2836; x_wconf 89' lang='lat' dir='ltr'>aut</span> <span class='ocrx_word' id='word_1_521' title='bbox 1278 2795 1418 2837; x_wconf 87' lang='lat' dir='ltr'>fictam</span> <span class='ocrx_word' id='word_1_522' title='bbox 1437 2795 1637 2837; x_wconf 72' lang='lat' dir='ltr'>rationem</span> <span class='ocrx_word' id='word_1_523' title='bbox 1655 2793 1877 2850; x_wconf 72' lang='lat' dir='ltr'>formalem</span> <span class='ocrx_word' id='word_1_524' title='bbox 1893 2790 1969 2834; x_wconf 77' lang='lat' dir='ltr'>sub</span> <span class='ocrx_word' id='word_1_525' title='bbox 1986 2804 2083 2846; x_wconf 72' lang='lat' dir='ltr'>qua,</span> <span class='ocrx_word' id='word_1_526' title='bbox 2102 2802 2209 2844; x_wconf 84' lang='lat' dir='ltr'>quae</span> <span class='ocrx_word' id='word_1_527' title='bbox 2231 2803 2273 2830; x_wconf 85' lang='lat' dir='ltr'>se</span> 
     </span>
    </p>

    <p class='ocr_par' dir='ltr' id='par_1_3' title="bbox 2158 2849 2276 2889">
     <span class='ocr_line' id='line_1_47' title="bbox 2158 2849 2276 2889; baseline -0.008 0"><span class='ocrx_word' id='word_1_528' title='bbox 2158 2849 2276 2889; x_wconf 87' lang='lat' dir='ltr'>tene-</span> 
     </span>
    </p>
   </div>
  </div>
 </body>
</html>
