2399 3084
400 126 545 169 D1sP.
580 126 652 169 IX.
686 128 759 170 Dr.
792 127 962 170 STATU
994 127 1309 170 Etsscroaum
1341 142 1464 169 ANTE
1498 127 1902 170 ConvssasmNEM.
2025 127 2106 169 261

169 249 232 291 De
250 249 474 291 foederatis
492 251 521 292 &
538 250 740 304 regenitis
758 250 938 304 amplius
956 249 1131 304 disquiri
1153 252 1314 304 potest:
1348 265 1424 292 nos
1452 250 1495 291 in
1512 251 1845 304 praesentiarum
1862 249 1906 290 in
1930 250 2026 304 Neq.
2044 249 2109 290 in-

166 308 382 349 clinamus.
418 308 619 357 Quamvis
641 309 752 349 enim
771 309 979 350 contraria
998 309 1203 363 principia
1220 309 1371 360 adsint,
1390 323 1485 350 caro
1499 309 1585 350 scil.
1605 309 1635 351 81
1657 309 1853 363 spiritus;
1873 308 1952 349 hoc
1968 310 2108 349 tamen

167 367 351 408 nondum
384 370 447 408 est
480 369 718 415 actuosum;
754 368 783 409 &
810 367 845 408 si
863 381 944 420 quo
961 368 1082 409 modo
1101 370 1318 409 actuosum
1336 367 1686 421 deprehendatur,
1701 368 1789 421 jam
1809 367 2029 407 dicendum
2046 369 2110 407 est

167 425 478 480 regenerationi
510 425 644 479 primo
678 426 838 479 primae
867 427 1073 467 actualem
1105 426 1431 475 conversionem,
1460 426 1768 475 excitationem,
1799 426 1828 466 80
1844 425 2107 466 vocationem

165 483 398 525 accessisse.
417 483 749 538 Deincomplete
767 485 989 535 conversis,
1010 484 1175 541 Affirm.
1198 483 1371 525 XXXV.
1398 484 1534 525 Probi.
1553 483 1620 524 An
1642 485 1763 525 electi
1786 498 1868 524 non
1886 483 2106 534 foederati,

165 542 293 583 aliam
325 542 510 584 habeant
542 543 727 597 gratiam
759 543 1002 590 salutarem,
1036 557 1162 597 quam
1186 543 1422 593 relativam,
1441 557 1567 596 quam
1587 543 1674 585 scil.
1696 542 1851 583 exserit
1866 541 1980 583 Deus
1998 542 2106 583 circa

165 600 272 650 illos,
292 616 366 655 per
387 601 571 642 actiones
589 601 668 652 (ita
686 601 800 655 loqui
817 601 958 653 liceat)
977 601 1297 650 intentionales3
1325 616 1408 642 non
1425 616 1522 642 vero
1538 601 1672 642 reales
1690 602 1719 643 81
1735 600 1899 641 interne
1917 601 2017 654 quid
2033 600 2104 641 in-

162 659 426 700 troducentes
458 674 530 701 seu
563 660 880 714 imprimentes?
915 661 1033 714 Resp.
1070 661 1165 714 Ney.
1199 659 1256 700 Et
1288 674 1415 713 supra
1448 659 1671 713 aliquoties
1688 659 1766 700 hoc
1783 659 2101 707 inculcavimus,

163 717 281 766 Quod
314 718 466 759 attinet
500 719 551 759 ad
582 719 791 759 internam
821 720 849 760 &
872 718 1163 760 inhaerentem
1181 718 1364 773 gratiam
1381 718 1692 772 reprimentem,
1717 732 1770 758 an
1788 717 1843 757 sit
1861 716 2058 758 salutaris
2077 718 2105 759 &

164 777 392 817 electorum
423 777 607 830 propria,
637 777 713 818 hoc
732 779 807 827 est,
826 792 879 818 an
895 777 1118 818 intrinsece
1143 779 1166 817 a
1183 777 1322 829 gratia
1338 777 1593 830 reprimente
1611 776 1883 830 reproborum
1901 775 2106 829 distingui

162 835 325 885 debeat,
366 836 415 876 de
444 850 490 876 eo
523 833 671 886 ἐποχὴν
702 836 822 876 modo
856 835 1162 890 proposuimus.
1196 834 1394 876 XXXVI.
1430 835 1565 877 Probl.
1600 834 1667 875 An
1697 835 1734 875 1.
1772 833 1956 876 Corinth.
1978 834 2016 874 7.
2040 833 2106 875 14.

162 894 250 934 sola
271 893 411 948 gratia
443 893 634 944 relativa,
664 896 692 936 ἃ
727 896 899 935 externa
932 894 1093 935 externi
1110 894 1289 935 foederis
1306 893 1582 948 intelligenda
1600 893 1686 934 sit?
1706 892 1827 946 Resp.
1846 891 2037 934 Ulterius
2056 906 2105 933 ex

162 952 253 993 istis
280 952 388 993 nihil
420 955 573 1006 urgent
604 967 686 993 non
720 952 842 1006 pauci
871 968 920 993 ex
942 952 1329 994 commentacoribus
1346 953 1525 1001 nostris;
1546 951 1657 992 inter
1675 965 1777 1004 quos
1804 952 1961 992 Parem
1984 950 2013 991 81
2031 950 2102 992 Pe?-

160 1018 303 1052 semor.
337 1012 670 1053 Renzonscsrames
704 1012 747 1051 in
783 1025 978 1065 responso
1010 1012 1065 1052 ad
1096 1012 1150 1053 D.
1169 1011 1223 1053 D.
1244 1011 1500 1065 Professores
1517 1010 1730 1052 Leidenses
1749 1023 1791 1063 p.
1818 1009 1913 1050 101.
1935 1011 2104 1049 conten-

161 1069 265 1110 dunt
281 1084 363 1110 non
380 1072 547 1110 tantum
565 1084 614 1110 ex
633 1084 680 1111 00
699 1070 800 1120 1000,
819 1070 890 1110 sed
903 1070 932 1111 &
949 1069 1102 1110 nullibi
1121 1084 1171 1110 ex
1187 1071 1277 1110 tota
1290 1069 1497 1123 scriptura
1514 1068 1629 1109 aliud
1647 1068 1746 1121 quid
1764 1067 1951 1120 exsculpi
1970 1081 2103 1120 posse;

160 1128 354 1169 nituntur
372 1133 514 1169 autem
536 1128 615 1169 hac
636 1128 821 1169 ratione:
857 1129 967 1182 quod
984 1127 1168 1169 infantes
1191 1127 1275 1168 sint
1302 1126 1633 1182 regenerationis
1650 1126 1882 1179 incapaces.
1917 1124 2005 1166 Nos
2023 1139 2102 1165 non

160 1189 328 1227 tantum
361 1201 411 1228 ex
438 1186 672 1228 rationibus
702 1188 731 1229 a
754 1187 973 1240 scripturis
993 1188 1017 1227 a
1032 1186 1187 1227 nostris
1203 1186 1406 1227 hactenus
1430 1185 1584 1235 allatis,
1604 1184 1746 1225 thesin
1764 1184 1807 1224 in
1829 1198 1984 1238 genere
2003 1183 2105 1224 reti-

161 1246 338 1286 nendam
372 1247 594 1299 putamus:
628 1245 700 1286 sed
737 1246 766 1287 81
783 1245 863 1286 1001
880 1245 998 1286 citati
1020 1244 1343 1299 explicationem
1361 1244 1412 1285 ad
1438 1243 1727 1284 inhaerentem
1746 1242 2012 1284 sanctitatem
2033 1257 2103 1283 ex-

165 1304 430 1345 tendendam.
464 1303 678 1352 Quomodo
714 1303 904 1345 Ecclesia
935 1306 1077 1344 sancta
1114 1303 1278 1352 dicitur,
1307 1317 1389 1344 non
1406 1305 1572 1343 tantum
1590 1301 1765 1342 relative
1784 1301 1813 1342 81
1832 1303 2014 1351 externe,
2034 1301 2105 1341 sed

160 1362 367 1416 imprimis
383 1362 663 1413 inhaerenter,
684 1363 793 1416 quod
810 1362 852 1403 in
871 1362 1066 1404 omnibus
1084 1362 1113 1404 &
1130 1361 1308 1416 singulis
1327 1362 1578 1409 verificatur,
1597 1360 1669 1413 qui
1686 1374 1782 1400 vere
1799 1361 1897 1400 sunt
1915 1359 1964 1400 de
1977 1359 2105 1400 eccle-

162 1420 237 1471 sia,
273 1421 500 1462 secundum
532 1423 690 1462 statum
724 1420 976 1462 invisibilem
997 1420 1272 1462 considerata.
1307 1418 1524 1461 XXXVII.
1561 1418 1701 1461 Probl.
1733 1417 1802 1458 An
1819 1419 1929 1458 recte
1948 1417 2104 1458 dictum

164 1481 187 1521 a
206 1479 328 1521 Conr.
362 1479 534 1521 Vorstio
553 1480 661 1521 libro
685 1480 733 1521 de
750 1479 854 1526 Deo,
873 1479 984 1520 notis
1003 1479 1055 1520 ad
1072 1479 1178 1533 disp.
1199 1479 1264 1519 10.
1283 1478 1423 1519 thesin
1450 1478 1516 1518 11.
1535 1492 1575 1532 p.
1594 1477 1692 1518 430.
1710 1477 1835 1518 Electa·
1850 1476 1895 1517 ’ῖη
1916 1476 1956 1518 S.
1977 1476 2104 1517 literis

160 1552 320 1593 semper
337 1539 461 1581 iidem
480 1546 591 1589 siml,
610 1539 684 1594 qui
700 1552 790 1580 vere
805 1538 1020 1580 credentes.
1056 1539 1163 1581 Nam
1186 1541 1408 1592 antequam
1428 1536 1507 1593 fide
1520 1536 1702 1591 praediti
1724 1548 1885 1582 sumus,
1905 1548 1991 1576 non
2012 1542 2102 1576 sla—-

161 1605 286 1639 immi
320 1597 411 1639 illae
443 1597 665 1639 discrimen
677 1597 847 1653 aliquod
862 1599 1018 1639 actuale
1035 1597 1143 1638 mter
1160 1610 1235 1638 nos
1256 1595 1296 1638 ἃ·
1312 1596 1415 1638 alios
1433 1595 1679 1642 inei-editas,
1699 1594 1780 1635 sire
1801 1600 1894 1635 acm
1910 1592 2102 1647 reprobos

160 1657 225 1698 &c.
265 1656 378 1707 Quin
407 1656 547 1711 potius
585 1670 726 1697 omnes
762 1670 810 1697 ex
843 1668 972 1711 aequo
1004 1655 1203 1705 homines,
1231 1663 1435 1710 qucctemcs
1460 1653 1500 1696 ἃ·
1515 1653 1721 1709 quamdiu
1741 1659 1965 1706 peccatores
1983 1652 2101 1707 [pag.

160 1714 267 1770 421]
301 1722 415 1765 sime,
449 1715 637 1756 inimicos
661 1714 738 1757 Dea·
770 1714 809 1756 a·
846 1715 931 1755 irae
965 1715 1072 1770 filios
1088 1715 1313 1768 appellant.
1349 1714 1467 1767 Resp.
1488 1713 1584 1766 Ney.
1608 1711 1786 1752 Actuale
1799 1710 2020 1751 discrimen
2039 1712 2102 1751 est

159 1774 225 1814 vel
242 1773 514 1814 intrinsecum
531 1773 597 1814 vel
615 1773 905 1814 extrinsecum.
918 1772 981 1814 De
994 1772 1075 1813 isto
1087 1775 1279 1825 negatur:
1295 1774 1358 1813 est
1380 1771 1492 1812 enim
1510 1770 1589 1811 Dei
1603 1784 1719 1811 amor
1732 1768 1960 1817 electionis,
1975 1768 2102 1809 bene-

159 1832 343 1873 volentia
374 1831 585 1881 salutaris,
613 1833 642 1874 81
665 1831 958 1872 destinationis
976 1845 1077 1885 erga
1093 1830 1327 1872 incredulos
1346 1830 1512 1879 electos,
1530 1843 1612 1869 non
1631 1842 1728 1869 vero
1747 1841 1848 1881 erga
1864 1826 2099 1868 incredulos

158 1890 370 1944 reprobos.
392 1890 554 1931 Deinde
572 1889 776 1931 increduli
792 1889 856 1930 illi
874 1891 971 1930 sunt
984 1889 1150 1930 Christo
1163 1889 1264 1937 dati,
1277 1889 1319 1929 in
1332 1888 1498 1929 foedere
1511 1886 1688 1941 gratiae,
1705 1887 1734 1928 81
1750 1885 1793 1926 111
1807 1884 1943 1926 activa
1955 1899 2098 1926 recon-

159 1949 371 1990 ciliatione
400 1949 454 1998 (2.
491 1950 581 1990 Cor.
601 1949 639 1988 5.
667 1948 738 2001 18)
756 1948 1058 2002 comprehensi,
1078 1949 1107 1990 81
1125 1949 1149 1987 a
1167 1946 1256 1988 Deo
1274 1947 1326 1987 ad
1349 1946 1577 1987 salutarem
1594 1943 1921 1992 conversionem,
1940 1943 1969 1984 &
1987 1943 2100 1984 salu-

158 2009 243 2048 tem
277 2007 546 2062 peculiariter
579 2009 876 2048 conservantur
909 2008 1053 2061 (supra
1083 2005 1282 2060 problem.
1313 2004 1414 2057 22.):
1438 2004 1509 2044 isti
1532 2017 1628 2044 vero
1650 2002 1836 2042 minime.
1870 2000 1982 2042 Hinc
2000 2000 2026 2042 J
2029 2001 2097 2042 oh.

162 2066 228 2107 10.
260 2080 367 2107 vers.
409 2066 475 2106 16.
495 2065 631 2107 Habeo
648 2065 751 2108 alias
768 2079 856 2106 oves
875 2065 939 2107 &c.
972 2064 1036 2105 De
1059 2063 1296 2105 discrimine
1315 2062 1540 2103 intrinseco
1559 2061 1686 2102 etiam
1704 2062 1898 2114 negatur,
1919 2059 2029 2113 quod
2048 2060 2099 2100 ad

159 2124 312 2165 electos
329 2124 564 2165 incredulos
581 2124 626 2164 in
643 2123 824 2164 infantia
841 2123 1068 2178 regenitos,
1085 2124 1114 2165 &
1132 2122 1284 2176 spiritu
1300 2121 1381 2162 Dei
1399 2119 1677 2161 sanctificatos
1693 2132 1701 2159 z
1736 2120 1799 2159 est
1817 2117 1929 2158 enim
1945 2117 1989 2158 in
2009 2117 2095 2158 illis

157 2183 276 2223 ›cadix
294 2197 341 2224 ac
363 2197 504 2223 semen
520 2182 630 2233 fidei,
649 2182 760 2236 quod
771 2196 854 2223 non
873 2183 935 2223 est
952 2181 996 2222 in
1012 2180 1239 2222 incredulis
1251 2178 1453 2233 reprobis.
1467 2175 1709 2218 XXXVIII.
1731 2175 1867 2218 Proba.
1888 2175 1955 2216 An
1974 2175 2097 2216 electi

159 2243 257 2282 ante
289 2241 652 2295 regenerationem
685 2240 847 2294 possint
863 2239 1045 2281 incidere
1062 2239 1105 2280 in
1123 2241 1281 2280 statum
1299 2235 1616 2286 excoecationis,
1636 2233 1928 2283 indurationis,
1947 2247 2094 2274 sensus

158 2298 340 2353 reprobi,
373 2300 403 2341 &
430 2298 691 2340 dedolentiae
704 2301 723 2340 ἵ)
749 2300 865 2352 Resp.
888 2297 951 2339 De
971 2298 1114 2339 electis
1132 2299 1250 2338 extra
1267 2295 1484 2337 ecclesiam
1500 2294 1610 2335 natis
1632 2294 1661 2335 &
1679 2292 1878 2342 educatiS,
1898 2291 2096 2333 determi-

158 2357 251 2398 nari
271 2359 411 2411 potest
433 2372 483 2398 ex
506 2357 695 2411 exemplo
717 2355 950 2398 Gentilium
973 2358 1150 2399 Roman.
1173 2357 1209 2395 l.
1232 2368 1335 2396 vers.
1356 2354 1422 2394 24.
1443 2367 1538 2394 cum
1561 2352 1710 2407 Ephes.
1727 2351 1767 2391 4.
1786 2350 1854 2391 20.
1874 2364 1924 2390 ex
1942 2349 2094 2403 quibus

158 2416 321 2471 aliquos
339 2415 392 2457 ad
409 2415 534 2456 fidem
552 2414 711 2457 Christi
727 2429 945 2456 conversos
964 2415 993 2457 &
1010 2414 1206 2464 salvatos,
1220 2414 1249 2455 &
1260 2413 1561 2465 consequenter
1580 2410 1632 2451 ab
1651 2411 1819 2450 aeterno
1837 2408 1990 2449 electos
2005 2422 2094 2449 esse

157 2475 407 2516 credendum
429 2476 505 2515 est.
523 2473 587 2514 De
604 2474 747 2514 electis
764 2473 808 2514 in
825 2473 998 2514 ecclesia
1019 2472 1145 2522 natis,
1162 2486 1246 2513 non
1262 2485 1359 2512 vero
1377 2469 1575 2515 educatis,
1598 2468 1762 2509 videtur
1780 2466 1908 2507 etiam
1924 2466 2094 2507 concedi

157 2547 291 2587 posse.
318 2531 400 2574 Sed
421 2533 470 2573 de
489 2531 632 2573 electis
648 2531 692 2572 in
710 2531 882 2572 ecclesia
899 2531 1010 2572 natis
1027 2533 1153 2584 atque
1171 2529 1369 2580 educatis,
1388 2529 1486 2569 dum
1503 2526 1687 2567 nondum
1704 2524 1926 2566 actualiter
1945 2525 1974 2566 &
1997 2524 2089 2566 effi-

158 2591 311 2633 caciter
328 2590 517 2632 conversi
533 2592 643 2639 sunt,
661 2603 744 2630 non
760 2589 821 2630 ita
838 2589 983 2643 liquet.

217 2648 262 2693 8.
295 2648 538 2703 Sequuntur
562 2647 826 2702 problemata
856 2647 1061 2701 quaedam
1096 2644 1383 2700 hypothetica.
1412 2644 1449 2685 1.
1467 2642 1599 2698 probb.
1620 2641 1688 2683 An
1707 2640 1978 2683 Abrahamus
1995 2643 2092 2682 ante

159 2707 421 2749 vocationem
438 2722 489 2748 ex
506 2705 651 2747 Haran
669 2706 794 2759 plane
816 2705 945 2746 fuerit
962 2704 1242 2759 irregenitus?
1275 2702 1397 2757 Resp.
1415 2701 1460 2744 Si
1476 2700 1837 2756 regenerationem
1853 2699 1988 2753 primo
2005 2699 2092 2753 pri-

158 2780 271 2807 mam
303 2765 508 2820 intelligis
540 2765 584 2805 in
620 2763 801 2805 infantia
832 2766 1061 2817 peractam,
1096 2763 1192 2817 Ney.
1214 2759 1364 2814 Neque
1382 2760 1493 2802 enim
1509 2758 1680 2814 probari
1696 2760 1835 2812 potest
1857 2757 2093 2798 Abrahami

157 2826 322 2878 patrem
350 2824 467 2865 nullo
498 2822 621 2865 modo
652 2821 782 2864 fuisse
803 2821 1103 2876 patriarcham,
1127 2820 1157 2862 &
1173 2821 1474 2873 consequenter
1491 2817 1603 2859 omni
1619 2817 1685 2859 vel
1701 2815 1949 2858 tenuissimo
1968 2815 2040 2856 filo
2061 2816 2091 2857 81

1994 2888 2091 2915 con-
