2399 3084
235 113 317 153 110
543 108 938 151 D1sp.IV.Dn
970 106 1392 150 NECESSITATE
1426 118 1486 146 ΕΤ
1519 102 1860 148 ΠΤΙΒῙΤΑΤΕ

239 234 498 279 Christianae
533 232 842 286 reformationis
874 233 919 274 in
950 230 1311 285 liiseereyionibas
1328 237 1520 285 receptae.
1551 230 1718 272 Ibidem
1740 230 1982 272 describunt
2003 232 2184 274 asseclas

235 294 433 348 quosdam
464 292 584 346 [pag.
605 291 711 346 513]
731 306 839 342 suos,
858 292 969 348 quod
983 291 1147 346 primae
1173 288 1212 331 Hc
1229 289 1425 345 antiquae
1445 289 1735 344 reformationi
1750 289 1977 333 adhaerere
1992 291 2183 346 eupiunt.

235 352 379 401 Qualis
414 349 850 402 Remonstrantismus
883 350 1006 392 hodie
1039 349 1083 390 in
1121 348 1258 390 medio
1292 347 1705 390 Remonstrantismo
1737 363 1821 390 non
1852 349 2078 401 invenitur,
2102 365 2185 392 non

236 410 371 465 magis
404 423 532 462 quam
565 409 739 450 ecclesia
761 408 954 451 Romana
972 408 1147 461 antiqua
1164 407 1208 447 in
1225 406 1442 459 hodierna,
1461 410 1534 449 aut
1551 407 1808 449 reformatae
1828 408 2025 450 ecclesiae
2042 412 2186 463 pastor

236 470 279 510 in
313 468 488 518 Ochino,
521 466 713 509 Neusero
736 469 802 511 810.
822 468 1068 510 candidatus
1087 466 1312 507 ministerii
1329 466 1373 506 in
1391 465 1591 518 Statorio,
1610 466 1846 508 membrum
1869 470 2036 509 nostrae
2055 469 2186 510 eccle-

237 529 323 570 siae
356 527 400 568 in
433 525 653 577 Dudithio,
680 525 898 578 Gribaldo,
918 528 983 569 810.
1003 528 1225 580 postquam
1242 525 1331 578 jam
1349 525 1401 566 ab
1422 525 1620 567 ecclesiae
1637 525 1891 566 reformatae
1908 526 2098 568 doctrina
2116 527 2186 568 de-

235 586 446 628 fecissent.
480 585 571 626 Nec
597 585 879 640 intelligimus
903 584 1191 627 contentiones
1210 587 1284 624 aut
1301 584 1606 625 controversias
1625 584 1829 638 quasdam
1847 585 2055 638 politicas,
2075 586 2188 627 inter

236 644 492 695 Provincias,
527 646 601 693 aut
631 644 838 695 civitates,
858 647 931 685 aut
949 643 1229 698 Magistratus
1247 644 1276 685 81
1294 643 1484 684 subditos
1503 644 1567 685 810.
1586 642 1692 684 Illae
1711 643 1824 684 enim
1841 658 1923 684 non
1944 647 2043 685 sunt
2060 644 2186 699 hujus

235 704 331 755 fori,
356 705 385 746 &
403 703 475 757 qui
497 717 566 744 eas
583 703 709 744 rebus
728 704 880 745 divinis
898 702 1151 752 immiscent,
1171 704 1245 742 aut
1262 702 1437 743 subdole
1456 717 1532 756 pro
1550 702 1603 743 iis
1623 704 1879 756 supponunt,
1899 705 1973 743 aut
1991 704 2042 744 ad
2060 703 2186 758 hujus

237 762 544 805 controversiae
577 762 829 803 decisionem
849 762 1058 811 adferunt,
1077 760 1198 814 quasi
1215 758 1524 809 μεταβαίνοντες
1549 763 1598 805 εἷς
1623 761 1725 798 ἄλλο
1745 760 1872 808 weg,
1891 761 1922 801 ii
1945 765 2056 803 certe
2074 763 2189 804 aliud

237 822 338 877 quid
369 836 443 876 per
474 821 811 875 praetensionem
845 820 1065 876 religionis
1101 823 1324 873 quaerunt,
1343 834 1470 873 quam
1487 820 1750 875 religionem.
1789 818 1888 861 Non
1905 820 2188 876 intelligimus

236 881 380 932 etiam,
412 879 690 933 compositum
712 882 741 923 81
763 878 1093 927 συνδεδυασμένων
1111 878 1211 932 quid
1229 893 1278 919 ex
1295 879 1591 920 controversiis
1611 880 1640 921 81
1658 878 1982 921 discessionibus
2004 880 2189 922 Ecclesi-

237 939 379 982 asticis
396 953 444 980 ac
465 938 649 993 politicis
673 939 813 990 simul,
836 953 919 992 quo
937 938 1136 992 Belgium
1152 940 1344 979 nostrum
1368 938 1524 979 alicubi
1541 938 1792 979 infestatum
1810 937 1906 989 fuit,
1925 941 1972 979 ut
1994 954 2185 981 nonnun-

236 1013 363 1053 quam
394 998 528 1039 altera
560 998 734 1040 alterius
762 997 922 1039 occasio
940 1012 987 1038 ac
1004 1011 1129 1038 causa
1147 996 1367 1038 existeret:
1388 996 1469 1039 Sed
1487 1011 1639 1051 purum
1656 999 1806 1051 putum
1834 996 2141 1053 Theologicum
2159 1000 2188 1041 81

238 1056 566 1100 ecclesiasticum
600 1057 699 1111 quid
732 1056 1006 1111 concipimus,
1042 1057 1071 1098 81
1102 1056 1290 1110 praecise
1317 1056 1366 1097 de
1390 1071 1437 1098 60
1455 1057 1733 1111 disputamus.
1773 1056 1841 1097 An
1858 1057 1923 1107 sit,
1942 1065 2015 1099 aut
2035 1058 2188 1100 debeat.

237 1116 335 1158 Non
368 1116 547 1170 denique
578 1116 859 1171 intelligimus
893 1115 1104 1156 auditores
1137 1116 1166 1157 81
1203 1115 1408 1166 membra,
1442 1115 1529 1157 sive
1568 1115 1744 1156 seorsim
1767 1115 1853 1156 sive
1876 1116 2100 1168 collectim,
2118 1117 2190 1171 qui

238 1174 629 1217 Remonstrantium
665 1175 882 1217 conciones
901 1189 1011 1215 nunc
1029 1174 1219 1225 audiunt,
1239 1177 1313 1215 aut
1329 1174 1371 1215 in
1389 1174 1579 1229 ipsorum
1596 1174 1784 1215 coetibus
1801 1174 2053 1229 religionem
2070 1191 2190 1217 suam

240 1236 434 1276 exercent
472 1249 519 1275 ac
553 1234 824 1289 profitentur:
858 1233 1010 1288 Neque
1044 1233 1157 1274 enim
1190 1232 1260 1274 hic
1293 1233 1556 1288 disquiritur,
1595 1247 1702 1287 quae
1733 1234 1763 1275 &
1796 1233 1935 1287 qualis
1953 1234 2126 1287 illorum
2144 1235 2192 1276 fit

242 1294 368 1344 fides3
401 1294 607 1347 quomodo
640 1292 800 1348 singuli
822 1292 1042 1343 invitandi,
1065 1292 1304 1334 attrahendi
1325 1295 1398 1333 aut
1419 1292 1664 1334 retrahendi
1682 1293 1734 1333 ad
1751 1293 1960 1333 unitatem
1978 1293 2192 1335 Ecclesiae

239 1355 421 1403 nostrae,
454 1352 606 1406 quibus
634 1352 944 1394 conditionibus
962 1351 1191 1405 recipiendi
1209 1352 1273 1394 810.
1308 1351 1425 1393 Haec
1443 1352 1553 1392 enim
1572 1351 1624 1392 ad
1641 1351 1834 1406 politiam
1853 1352 2191 1405 ecclesiasticam,

241 1413 270 1455 &
305 1411 469 1466 agenda
501 1411 695 1465 specialia
733 1410 967 1465 pertinent:
1002 1411 1051 1451 de
1069 1410 1221 1464 quibus
1239 1411 1459 1465 generales
1477 1425 1656 1452 canones
1674 1411 1824 1451 statuti
1841 1410 1885 1451 in
1903 1412 2070 1466 synodis
2088 1411 2193 1453 Pro-

240 1470 506 1521 vincialibus,
539 1471 790 1524 praesertim
823 1468 1229 1524 Zuyd-Hollandicis
1262 1468 1456 1511 Leidensi
1489 1484 1598 1510 anno
1620 1469 1730 1510 1619
1749 1484 1843 1510 cum
1865 1469 2192 1512 Dord1·ac.anno

245 1529 373 1570 1627.
407 1530 437 1572 81
467 1528 659 1570 Delfensi
692 1543 802 1570 anno
838 1529 963 1569 1628.
984 1543 1031 1569 ac
1048 1527 1242 1569 Leidensi
1259 1543 1369 1569 anno
1391 1528 1516 1569 1629.
1541 1528 1742 1581 aliisque:
1762 1528 1926 1582 reliqua
1945 1530 2193 1583 prudentiae

242 1591 461 1643 pastorum
478 1588 508 1629 &
529 1588 890 1642 presbyteriorum
906 1587 1225 1641 permittuntur.
1245 1585 1326 1628 Sed
1345 1602 1418 1641 per
1435 1586 1894 1628 Remonstrantismum
1911 1588 2193 1644 intelligimus

242 1647 480 1690 Societatem
512 1647 898 1690 Remonstrantium
935 1654 1025 1687 tam
1042 1646 1336 1689 ministrorum
1355 1654 1441 1688 tam
1462 1654 1665 1697 coetuum,
1684 1646 1758 1702 qui
1771 1653 1862 1700 post
1876 1648 2193 1704 promalqatam

234 1706 446 1761 jitdicium
478 1706 629 1762 synodi
659 1706 953 1749 Dordraeenae
983 1718 1111 1747 anno.
1149 1706 1274 1746 1619.
1303 1713 1541 1760 separatam
1556 1706 1870 1759 professionem,
1889 1707 2130 1761 reliqionem
2147 1709 2192 1749 in

245 1765 420 1807 coetibus
451 1766 539 1807 sais
569 1779 749 1807 eoeereere
765 1778 807 1806 se
821 1765 1085 1820 profitentur,
1104 1765 1371 1819 conformiter
1391 1765 1648 1819 Consessioni
1663 1778 1764 1806 snae
1777 1778 1854 1819 per
1870 1765 2105 1822 apotcyiam
2122 1781 2191 1808 εω-

242 1825 416 1878 plicatae
431 1837 478 1866 ae
495 1824 697 1879 defensae.
721 1823 771 1864 In
787 1823 854 1864 1113
871 1822 1065 1864 terminis
1084 1823 1367 1865 controversia
1384 1823 1489 1865 haec
1506 1823 1780 1873 continenda3
1800 1826 1918 1864 extra
1935 1839 2027 1866 eam
2045 1825 2080 1867 si
2098 1826 2192 1879 quis

246 1886 460 1938 evagetur,
494 1886 568 1924 aut
599 1897 693 1925 cum
716 1883 810 1924 aliis
828 1881 1145 1937 quaestionibus
1168 1897 1262 1923 eam
1281 1882 1509 1923 confundat
1525 1897 1573 1924 ac
1589 1882 1855 1936 permisceat,
1873 1882 1909 1924 is
1926 1898 2009 1924 non
2027 1885 2192 1937 quaerit

246 1942 482 1994 veritatem,
506 1942 577 1983 sed
594 1942 720 1997 fugit.

306 1998 351 2044 2.
385 2000 475 2043 Nos
505 2004 733 2056 negantem
765 2000 1017 2042 sententiam
1035 2000 1274 2051 statuimus,
1293 2003 1465 2055 propter
1481 2000 1559 2041 has
1576 2014 1721 2041 causas
1753 1999 1787 2042 Ι.
1805 1999 1912 2049 Quia
1934 2001 2194 2045 confessione

249 2061 278 2102 81
309 2059 514 2114 religione
546 2062 570 2101 a
602 2059 724 2101 nobis
743 2059 960 2109 dissident,
979 2059 1009 2100 81
1031 2059 1198 2112 quidem
1216 2059 1261 2100 in
1277 2059 1545 2101 necessariis:
1565 2059 1676 2113 quod
1692 2059 1775 2113 ipsi
1791 2059 1897 2100 haut
1914 2060 2088 2103 obscure
2107 2077 2194 2104 sae-

248 2118 343 2172 pius
373 2118 599 2170 inculcant,
618 2133 713 2160 cum
730 2133 806 2172 pro
825 2117 1074 2159 scismaticis
1092 2133 1165 2159 seu
1183 2118 1389 2172 separatis
1413 2118 1498 2159 suis
1516 2118 1791 2159 conventibus
1808 2123 2061 2173 pugnantes,
2080 2136 2192 2163 com-

248 2177 490 2218 munionem
511 2178 729 2219 nobiscum
752 2177 805 2232 (si
823 2177 911 2218 scil.
929 2177 974 2217 in
990 2176 1070 2217 hac
1086 2177 1167 2218 fide
1184 2180 1329 2218 nostra
1346 2178 1375 2219 &
1393 2176 1649 2231 professione
1672 2191 1796 2218 anno.
1818 2178 1945 2220 1619.
1966 2194 2042 2233 per
2059 2179 2194 2235 Syno-

250 2237 347 2277 dum
379 2235 652 2278 Nationalem
668 2236 850 2290 repetita
872 2237 901 2278 81
919 2235 1110 2276 stabilita
1132 2236 1395 2289 maneamus)
1414 2236 1631 2277 colendam
1646 2238 1819 2290 negant,
1838 2237 1867 2279 81
1883 2237 1991 2279 nihil
2008 2238 2095 2280 fere
2113 2240 2194 2281 sibi

250 2308 344 2335 cum
375 2295 615 2336 reformatis
650 2295 770 2350 [pag.
790 2294 897 2350 514]
931 2309 1151 2335 commune
1189 2309 1278 2336 esse
1310 2295 1545 2335 voluerunt.
1594 2293 1703 2335 Vide
1738 2295 1904 2337 libellos
1935 2299 2193 2350 vernaculos,

250 2353 403 2395 Achabi
425 2354 657 2408 Jejaniam,
694 2354 1076 2396 Remonstrantinm
1099 2354 1276 2396 liberam
1293 2353 1542 2404 exercitium,
1562 2353 1777 2396 Nultitates
1793 2355 1944 2410 synodi
1959 2357 2025 2398 Do
2034 2357 2194 2399 rdraee-

250 2425 341 2460 nae,
365 2412 556 2454 libellum
573 2413 885 2467 apologeticum
902 2426 977 2466 pro
1000 2414 1141 2453 statua
1158 2412 1327 2453 Erasmi
1350 2411 1618 2453 Roterodam.
1642 2412 1706 2453 cui
1726 2412 1791 2453 tit.
1820 2413 2006 2469 Sponyia
2026 2416 2196 2458 Erasmi

250 2478 392 2512 contra
424 2472 634 2526 quendam
668 2472 909 2513 Ministram
942 2472 1341 2513 Boterodamensem.
1376 2471 1469 2512 coll.
1502 2485 1596 2511 cum
1619 2470 1820 2526 Apoloyia
1841 2473 1888 2513 in
1903 2474 2079 2528 praefat.
2115 2474 2194 2517 His

252 2529 355 2570 adde
373 2530 653 2583 suspicionem
674 2530 911 2580 Socinismi,
930 2531 959 2572 81
977 2529 1378 2571 demonstrationem
1394 2529 1547 2571 intenti
1564 2544 1658 2570 cum
1676 2530 1761 2571 illis
1780 2531 2067 2585 syncretismi;
2091 2547 2194 2587 quas

253 2588 438 2628 maculas
470 2589 655 2629 nondum
673 2589 982 2630 absterserunt:
1007 2588 1056 2630 de
1074 2603 1156 2642 quo
1173 2588 1298 2629 infra.
1318 2587 1533 2629 Addamus
1550 2602 1661 2629 nunc
1678 2592 1928 2644 argumenta
1945 2591 2081 2646 magis
2099 2607 2195 2646 spe-

254 2645 390 2687 cialia.
423 2645 478 2687 II.
506 2646 707 2688 Doctrina
724 2647 957 2702 Pelagiana
974 2646 1017 2687 in
1035 2648 1219 2700 quinque
1242 2646 1454 2697 articulis;
1474 2661 1601 2701 quam
1618 2647 1736 2688 nulla
1754 2647 1963 2690 professio
1981 2648 2195 2692 Christia-

254 2718 403 2744 norum
436 2706 500 2759 (ut
532 2705 701 2758 quidem
732 2706 807 2747 illa
824 2705 991 2759 scriptis
1009 2705 1372 2760 antisynodalibus
1391 2706 1643 2760 explicatur)
1663 2705 1871 2758 admittet,
1890 2721 1941 2748 ne
1961 2708 2130 2761 quidem
2152 2709 2196 2750 in

254 2775 336 2803 uno
367 2763 545 2803 articulo
576 2764 625 2804 de
659 2763 794 2805 Morte
828 2763 998 2817 Christi.
1032 2764 1334 2818 Praeterquam
1369 2765 1478 2818 quod
1511 2763 1743 2805 Lutherani
1766 2779 1932 2806 omnem
1955 2767 2196 2822 synergiam

254 2820 377 2861 liberi
395 2821 560 2861 arbitrii
578 2822 620 2862 in
638 2822 774 2875 primo
792 2822 1074 2864 conversionis
1091 2826 1304 2864 momento
1321 2823 1526 2877 rejiciant.
1554 2822 1710 2864 Neutri
1728 2823 1857 2864 etiam
1878 2824 2036 2877 placita
2052 2839 2197 2868 eorum

2145 2885 2198 2926 de
