2399 3084
308 127 450 171 D1sP.
481 126 534 169 V.
568 127 643 168 AN
675 125 940 169 Cnfflsros
971 141 1063 174 (1111
1095 124 1372 169 ΜΕῡιΑΤοκ
1406 140 1485 166 sm
1517 139 1793 167 AnonANnU
1818 127 1871 167 s?
1998 125 2080 165 129

142 251 363 303 studiosos,
397 250 469 305 qui
503 254 673 305 propter
700 253 964 306 grassantem
982 250 1069 291 illic
1085 251 1247 304 pestem
1264 248 1505 303 frequentes
1524 248 1575 289 ad
1591 263 1664 289 nos
1681 251 1781 289 tunc
1803 248 2081 296 divertebant,

142 311 324 361 illatum,
357 311 386 352 &
418 309 601 364 plublice
633 309 918 364 privatimque
951 309 994 350 in
1011 308 1200 364 collegiis
1218 310 1247 351 81
1265 308 1439 362 privatis
1457 307 1658 361 colloquis
1677 308 1729 348 ab
1748 307 1798 348 iis
1821 307 2083 362 saepiuscule}

141 384 216 423 pro
239 369 436 410 libertate
459 367 710 410 Academica
727 371 968 423 protrusum
992 370 1117 421 atque
1155 366 1430 421 exagitatum,
1450 366 1743 407 necessitatem
1763 366 1882 407 nobis
1906 366 2085 407 antehac

140 427 355 481 imposuit,
389 427 550 481 aliquid
582 427 631 468 de
664 442 711 468 eo
740 427 1028 481 respondendi,
1048 427 1077 468 81
1096 426 1215 481 [pag.
1236 425 1342 480 537]
1361 425 1682 466 commentandi.
1717 424 1828 466 Hinc
1846 424 2019 476 factum,
2039 427 2085 466 ut

139 486 310 527 tandem
336 486 423 527 illis
437 486 590 527 obnixe
608 486 934 540 postulantibus,
953 488 1000 526 ut
1023 487 1246 538 conceptus
1268 486 1432 525 nostros
1450 484 1604 538 scripto
1621 483 2084 537 comprehenlerelnus,

141 545 321 586 diatribe
337 545 505 599 publice
523 545 575 586 ad
592 544 891 599 disputandum
909 543 1135 598 proposita,
1155 545 1297 584 nostra
1315 543 1637 597 qualiacumque
1657 542 2059 584 communicaremus
2080 558 2088 591 3

141 603 294 658 quibus
326 606 426 645 tunc
460 603 722 645 auditoribus
739 603 892 644 nostris
910 602 1074 644 abunde
1092 601 1387 643 satisfecimus.
1423 600 1504 643 Sed
1521 601 1619 656 quia
1637 601 1891 642 novitiorum
1914 601 2086 656 ingenia

140 662 315 704 subinde
341 663 458 703 novis
477 662 614 703 dubiis
633 663 662 704 81
681 661 849 716 effugiis
868 661 963 717 (hoc
980 663 1056 712 est,
1074 675 1181 702 novo
1202 660 1336 711 modo,
1361 662 1434 702 aut
1452 664 1559 701 nova
1580 659 1716 701 fornia
1736 660 1980 714 propositis)
2005 660 2085 701 ali-

139 721 248 762 unde
267 721 450 762 exerceri
467 721 675 776 contingit
694 721 866 774 insuper
882 720 935 761 ab
954 719 1161 774 imperitis
1180 722 1253 760 aut
1275 719 1493 760 malevolis
1507 719 1720 760 nonnullis
1731 719 1835 760 haec
1848 719 2085 760 clanculum

140 780 376 821 admorderi
396 795 443 821 ac
462 779 718 821 calumniose
735 779 920 826 traduci3
947 793 1097 833 operae
1116 778 1300 833 pretium
1318 793 1384 819 me
1402 778 1614 819 facturum
1632 777 1791 832 putavi,
1813 778 1849 818 si
1861 778 2086 819 diatribem

140 841 327 880 nostram
344 839 523 880 antehac
541 838 698 879 editam
716 837 928 892 praesenti
946 837 1173 892 appendice
1191 837 1235 877 in
1252 837 1435 892 gratiam
1453 837 1669 878 rudiorum
1685 839 1800 892 (nam
1814 837 2087 891 provectiori-

140 898 218 938 bus
250 897 465 938 sufficiunt
498 896 635 938 fontes
659 896 916 938 solutionum
934 896 1091 937 ibidem
1108 896 1297 949 indicati)
1316 896 1589 938 illustrarem.
1622 895 1759 937 Erunt
1777 898 1919 937 autem
1937 896 2087 937 sectio-

141 970 214 997 nes
246 956 334 1010 ejus
367 959 558 1010 septum3
580 970 759 1009 quarum
777 954 810 996 Ι.
829 955 1061 996 continebit
1083 969 1330 996 consensum
1349 953 1675 1009 Theo]ogorum,
1700 955 1910 1008 imprimis
1929 969 2087 1005 eorum,

141 1014 294 1067 quibus
327 1029 421 1056 cum
455 1014 706 1055 adversariis
725 1016 916 1055 conserta
933 1029 1061 1055 manu
1078 1014 1349 1068 pugnandum
1371 1013 1467 1055 fuit.
1500 1013 1556 1055 Π.
1590 1012 1836 1055 Occasiones
1855 1013 1884 1055 &
1903 1014 2087 1068 origines

142 1073 464 1115 controversiae.
498 1072 574 1114 ΠΙ.
610 1071 887 1124 Momentum,
911 1087 984 1114 seu
1002 1073 1160 1126 pondus
1183 1072 1503 1114 controversiae.
1538 1072 1614 1114 IV.
1634 1071 1884 1113 Occasiones
1902 1073 1931 1113 81
1952 1072 2089 1113 fontes

143 1146 331 1173 errorum
349 1135 476 1185 atque
494 1131 888 1183 hallucinationum,
908 1132 1016 1173 circa
1034 1131 1142 1173 hanc
1159 1131 1498 1172 controversiam.
1530 1130 1584 1173 V.
1603 1131 1868 1185 Argumenta
1886 1145 1962 1185 pro
1980 1131 2089 1172 veri-

142 1192 253 1231 tate:
278 1205 372 1232 011111
390 1190 596 1232 solutione
616 1190 924 1244 exceptionum.
953 1189 1028 1233 VI.
1048 1190 1315 1245 Argumenta
1334 1190 1531 1231 adversae
1550 1190 1784 1231 sententiae
1801 1190 1988 1231 refutata
2007 1205 2089 1231 una

143 1264 237 1290 cum
272 1249 589 1304 exceptionibus
628 1250 657 1291 81
682 1249 863 1303 replicis.
897 1248 995 1291 VII.
1025 1248 1294 1292 Consectaria
1312 1250 1341 1291 81
1358 1249 1578 1290 corollaria
1596 1249 1802 1303 quaedam
1819 1264 1894 1303 per
1918 1249 2088 1290 modum

144 1308 455 1361 problematum
475 1308 705 1362 proposita.

201 1365 245 1411 2.
280 1366 552 1418 Consensum,
587 1381 711 1420 quem
744 1367 786 1407 in
804 1366 983 1408 diatribe
1002 1368 1146 1408 nostra
1163 1380 1382 1420 coeperam
1399 1366 1596 1418 indicare,
1615 1366 1773 1420 triplici
1796 1367 2089 1420 supplemento

144 1439 252 1466 nunc
275 1426 459 1467 absolvo.
488 1424 521 1467 Ι.
553 1426 750 1467 Ρνὶυηιφη
770 1425 901 1467 habet
924 1428 1105 1474 autores,
1125 1426 1197 1480 qui
1214 1428 1311 1467 ante
1329 1424 1587 1480 Apologiam
1605 1424 2037 1476 Remonstranticum,
2059 1427 2088 1468 &

143 1484 238 1525 inde
257 1483 482 1526 formatam
500 1484 609 1526 hanc
631 1484 958 1526 controversiam
980 1484 1341 1538 problematicam,
1362 1484 1578 1538 scripsere.
1608 1483 1716 1526 Sunt
1740 1486 1882 1525 autem
1901 1484 2090 1525 Piscator

143 1542 186 1583 in
218 1541 354 1585 Math.
384 1544 424 1585 2.
453 1559 491 1584 v.
526 1543 592 1585 15.
627 1543 700 1584 ubi
723 1543 783 1584 ait
800 1541 1018 1586 Christum
1036 1543 1294 1585 adorandum
1309 1557 1394 1585 non
1419 1551 1584 1585 tantam
1601 1544 1770 1584 civiliter
1791 1551 1837 1585 ut
1865 1544 2089 1594 hominem,

143 1602 247 1643 sicat
278 1601 397 1657 Magi
418 1602 612 1644 videntur
627 1602 849 1652 adorasse5
865 1603 935 1644 sed
951 1603 1075 1644 etiam
1097 1603 1294 1658 retiyiose,
1318 1610 1363 1644 at
1385 1603 1537 1645 Deam.
1556 1602 1615 1643 Et
1634 1602 1762 1656 paulo
1779 1605 1893 1656 post:
1927 1603 2089 1644 Etenim

144 1660 330 1702 adoratio
358 1662 529 1715 proprie
564 1661 728 1703 debetur
760 1669 939 1703 naturae
969 1662 1144 1703 divinae.
1178 1661 1266 1704 Joh.
1301 1663 1523 1703 Crameras
1540 1661 1585 1702 in
1608 1662 1646 1703 E
1649 1661 1822 1702 acht’rt‘d.
1842 1669 2087 1703 controvers

153 1718 382 1774 Ubiquitar.
411 1727 522 1774 part.
546 1720 584 1761 1.
598 1734 642 1774 p.
664 1720 761 1762 141.
783 1720 878 1761 142.
901 1720 996 1762 143.
1030 1719 1116 1762 Ubi
1134 1723 1258 1775 urget
1280 1719 1496 1762 Christum
1519 1721 1748 1761 secundum
1765 1723 1961 1761 naturam
1981 1720 2088 1761 divi-

144 1792 241 1818 nam
258 1780 442 1830 tantum,
461 1778 558 1833 (hoc
580 1781 655 1829 est,
674 1793 757 1832 qua
774 1781 893 1832 parte
915 1778 1028 1820 Deus
1047 1781 1124 1830 est)
1147 1779 1425 1820 invocandum
1444 1793 1531 1820 esse
1547 1793 1555 1819 :
1574 1793 1710 1832 neque
1728 1778 1821 1819 ideo
1843 1779 2087 1820 adoratione

144 1836 283 1878 divine
302 1836 517 1878 Christum
535 1837 577 1877 in
594 1837 812 1878 hominem
830 1837 1004 1878 seorsim
1021 1838 1050 1879 81
1068 1837 1111 1877 111
1123 1837 1274 1878 Deum.
1296 1836 1504 1879 Zanchius
1521 1837 1595 1878 lib.
1618 1839 1656 1878 3.
1676 1837 1724 1877 de
1743 1836 1897 1877 Tribus
1915 1837 2087 1878 Elohim

145 1910 233 1949 cap.
256 1896 323 1937 12.
343 1896 552 1950 Neyamus
568 1897 773 1951 sequelam
795 1895 926 1937 hane:
943 1896 979 1937 si
999 1895 1189 1938 Christus
1209 1896 1407 1938 mediator
1423 1903 1492 1946 est,
1510 1909 1597 1936 non
1607 1896 1876 1952 pote‚3ti9itm‘
1891 1896 2087 1937 invocari.

148 1954 240 1998 Non
267 1954 377 1995 enim
410 1955 625 1996 invocatur
659 1962 705 1996 ut
722 1955 937 2005 *ntediaton
956 1954 1025 1996 sed
1046 1962 1086 1996 at
1110 1956 1238 1997 Deus.
1255 1955 1502 1996 Franet'scas
1519 1955 1673 1996 lanias
1697 1954 1741 1995 ἰη
1758 1954 1914 2008 defens.
1940 1955 2086 1996 Trae'nit.

145 2019 288 2054 eontra
320 2013 700 2064 Samosatem'anas,
724 2013 880 2067 ubique
898 2016 987 2054 tam
1007 2013 1185 2054 sollicite
1208 2013 1432 2068 distinguit
1450 2012 1664 2054 Christum
1683 2014 1766 2066 qua
1782 2013 1934 2064 Deum,
1955 2015 1983 2055 81
2005 2015 2088 2066 qua

147 2071 433 2124 mediatorem,
465 2073 495 2115 81
522 2074 606 2126 qua
622 2072 851 2124 hominem,
869 2075 916 2113 ut
932 2087 1015 2114 non
1038 2072 1170 2126 possit
1187 2087 1270 2113 non
1285 2074 1429 2112 nostra
1447 2071 1655 2112 sententia
1673 2071 1768 2112 inde
1788 2071 1945 2126 colligi,
1966 2072 1995 2113 81
2015 2072 2088 2112 ad-

148 2144 266 2170 versa
299 2130 429 2184 rejici.
462 2130 578 2172 Inter
610 2130 694 2172 alia
713 2139 822 2186 part.
843 2131 881 2173 3.
897 2144 941 2185 p.
964 2131 1060 2172 190.
1079 2131 1194 2186 (edit.
1213 2131 1256 2171 in
1281 2130 1373 2184 fol.)
1392 2130 1618 2184 distinguit
1634 2130 1951 2184 praerogativas
1974 2130 2087 2171 scili-

147 2190 212 2229 cet
236 2188 520 2241 excellentias,
543 2204 651 2244 quae
669 2189 837 2231 Christo
855 2190 899 2230 in
917 2189 1136 2244 scripturis
1154 2189 1413 2240 tribuuntur,
1431 2189 1474 2229 in
1492 2204 1561 2230 eas
1581 2204 1687 2242 quae
1710 2191 1757 2230 ut
1774 2188 1863 2229 Deo
1885 2189 2087 2243 simplici-

147 2249 212 2287 ter
243 2247 285 2287 in
314 2248 569 2301 aequalitate
587 2250 777 2300 naturae,
797 2249 826 2290 81
845 2249 889 2289 111
909 2264 978 2289 eas
996 2263 1102 2302 quae
1120 2251 1166 2289 ut
1183 2247 1403 2289 mediatori
1421 2247 1465 2288 in
1483 2247 1738 2301 aequalitate
1757 2248 1983 2288 secundum
2002 2247 2086 2289 dis·

148 2305 451 2359 pensationem,
474 2306 635 2348 ratione
657 2306 799 2348 officii.
818 2307 846 2349 J
848 2322 917 2348 am
930 2322 1026 2349 vero
1039 2307 1326 2348 adorationem
1343 2321 1431 2347 esse
1445 2306 1739 2348 excellentiam
1752 2320 1858 2359 quae
1875 2309 2086 2360 competat

150 2363 318 2405 Christo
350 2379 432 2406 11011
466 2379 548 2418 qua
566 2365 798 2417 mediatori,
823 2367 894 2407 sed
912 2369 995 2420 qua
1010 2366 1100 2407 Deo
1120 2367 1317 2415 ὲμκυσίῳ,
1340 2365 1501 2414 statuit,
1520 2365 1563 2405 in
1582 2365 1731 2406 Exam.
1761 2364 1954 2406 Gratiani
1983 2364 2085 2405 Pro-

149 2423 259 2477 speri
291 2426 399 2478 part.
430 2424 469 2465 2.
503 2424 539 2477 ξ.
574 2425 612 2464 5.
638 2439 679 2477 p.
705 2424 823 2480 [pag.
844 2426 949 2480 538]
974 2425 1072 2466 265.
1094 2425 1282 2467 Christus
1297 2424 1500 2465 adoratur
1516 2424 1540 2464 ἀ
1563 2424 1679 2465 nobis
1696 2431 1742 2465 at
1760 2424 2030 2465 coessentialis
2047 2424 2087 2465 ι’·

147 2483 333 2537 aequalis
361 2483 476 2537 patri
507 2482 736 2524 secundam
769 2483 954 2526 deitatem
987 2498 1122 2535 suam,
1156 2497 1242 2525 una
1266 2483 1507 2524 adoratione
1523 2496 1618 2524 cam
1632 2490 1764 2537 patre.
1803 2481 1878 2523 His
1896 2482 2086 2523 addimus

148 2540 374 2593 Amesimn,
392 2541 464 2595 qui
482 2541 672 2594 quamvis
689 2542 950 2583 contenderit
966 2558 1041 2597 pro
1060 2542 1302 2584 adoratione
1320 2541 1475 2582 Christi
1494 2556 1577 2595 qua
1594 2541 1856 2589 mediatoris;
1877 2541 1900 2581 h
1906 2541 2085 2595 ypothe-

150 2599 265 2641 sibus
286 2603 429 2641 tamen
447 2615 521 2654 per
537 2602 671 2640 totam
694 2598 971 2655 Theologiam
988 2601 1145 2655 sparsis
1163 2601 1275 2642 thesi
1291 2600 1390 2641 huic
1412 2615 1510 2641 suae
1528 2615 1610 2640 non
1628 2600 1801 2641 obscure
1819 2599 2085 2650 contradixit,

150 2658 179 2699 81
212 2657 349 2699 fontes
380 2658 630 2700 solutionem
664 2659 959 2712 suppeditavit.
993 2659 1101 2701 Vide
1129 2660 1172 2700 in
1193 2659 1374 2702 Medulla
1390 2659 1521 2712 ipsius
1540 2659 1603 2700 tib.
1630 2659 1668 2700 1.
1685 2672 1717 2700 e.
1739 2659 1804 2699 19.
1825 2659 1858 2712 ξ.
1881 2659 1948 2699 21.
1968 2659 1996 2700 81
2015 2659 2083 2698 23.

150 2716 187 2769 ξ.
212 2716 279 2758 17.
298 2717 338 2759 θί
356 2717 424 2759 25.
444 2718 479 2772 ἓ.
501 2717 568 2757 29.
588 2718 616 2759 81
635 2716 703 2757 26.
726 2717 762 2770 ἓ.
782 2717 851 2758 30.
873 2716 913 2759 ἃ·
935 2719 1003 2759 31.
1027 2719 1064 2773 ἓ.
1088 2720 1127 2760 8.
1146 2719 1175 2760 81
1193 2719 1262 2759 41.
1282 2718 1318 2771 ἓ.
1342 2717 1406 2758 16.
1429 2718 1500 2758 10:
1522 2718 1593 2758 28.
1615 2717 1680 2758 lib.
1703 2717 1742 2758 2.
1759 2732 1791 2758 e.
1812 2719 1851 2758 4.
1870 2718 1905 2771 ξ.
1929 2717 1994 2757 19.
2016 2717 2083 2756 20.

150 2774 180 2815 81
208 2774 248 2817 6.
271 2776 307 2830 ξ.
332 2776 372 2818 2.
395 2777 435 2818 3.
458 2777 499 2818 4.
518 2775 557 2817 5.
581 2777 610 2818 81
628 2775 668 2817 9.
690 2775 728 2828 ξ.
746 2776 787 2818 4.
811 2775 849 2817 5.
882 2776 1012 2818 Aliud
1029 2777 1156 2819 etiam
1175 2791 1225 2818 ex
1243 2776 1381 2818 verbis
1398 2775 1491 2821 DD.
1508 2775 1795 2817 Professorun}
1817 2774 2079 2816 Leidensium

150 2832 193 2873 in
213 2834 395 2877 Censura
418 2836 588 2890 confess.
623 2834 997 2876 Romanus-antima
1014 2836 1199 2890 exsculpi
1218 2835 1375 2889 nequit.
1407 2834 1559 2876 Videat
1576 2835 1664 2888 ipse
1685 2834 1812 2875 lector
1830 2834 1857 2874 81
1877 2834 2084 2887 expendat

1110 2900 1131 2933 9
1960 2891 2086 2931 verba
