2399 3084
234 98 316 140 106
505 97 899 140 D1sp.IV.DE
932 98 1353 140 Nsscssssmffln
1386 115 1447 140 ET
1479 99 1819 143 UriLITA'rE

231 221 356 274 paulo
384 223 478 274 post
509 235 548 273 p.
581 220 647 260 13.
676 220 753 261 Hic
782 234 852 275 eqo
880 221 1036 274 optima
1057 220 1138 276 fide
1165 222 1374 276 profiteor,
1405 221 1614 263 neminem
1637 235 1702 263 me
1723 236 1843 264 nosse
1866 223 1912 264 in
1936 224 2051 265 omni
2077 226 2179 267 Hol—

232 280 396 321 landiae
422 286 633 329 conventa,
657 279 730 333 qai
755 292 840 320 non
870 279 959 320 istis
981 279 1249 333 opinionibus
1271 278 1311 321 a
1329 280 1524 322 omnibns
1542 280 1581 322 ἃ·
1602 281 1780 335 singyalis
1797 282 1985 324 dicturas
2005 283 2056 324 sit
2072 297 2179 326 ana-

231 338 378 380 thema.
413 337 641 391 Opiniones
674 339 815 378 autem
840 337 882 378 in
917 338 1053 391 specie
1072 337 1306 392 designata,
1327 341 1356 381 &
1372 339 1624 393 qravissima
1642 340 1821 382 crimina
1843 341 2028 394 apellata
2046 346 2178 395 erant,

230 396 399 451 Negata
417 396 613 443 ὀμοούσιος
644 395 708 433 mi
742 395 974 447 ἁσόγχωτος
989 396 1050 434 καὶ
1080 395 1288 444 &maceres
1304 397 1425 445 τριὰς,
1452 399 1615 447 Christi,
1639 399 1767 441 immo
1789 399 1829 442 ot
1846 400 1925 441 Dei
1940 414 2036 442 vera
2048 410 2175 444 aeter-

228 456 351 503 nitas,
372 456 629 497 immensitas
645 469 806 511 qaoque
826 454 867 498 a
883 455 1033 511 abiqae
1046 457 1283 510 praesentia
1300 455 1491 507 οἰσιὼδης,
1512 465 1599 499 tam
1621 472 1711 500 vero
1732 457 1772 500 ἃ
1793 459 2122 510 immutabilitas,
2140 461 2180 503 ἃ·

228 514 539 568 omnipotentia,
563 514 603 556 a·
624 528 769 558 reram
791 515 1039 569 fanto-aram
1062 515 1244 556 mamime
1264 520 1342 552 τῶν
1365 514 1620 566 ἒνδεχεμέυων
1639 516 1858 565 πρόγνωσις
1875 521 2093 572 praeterea
2111 525 2179 558 τοῦ

230 576 322 610 θεοῦ
337 571 380 610 τὲ
399 572 636 620 &witta-rw
652 575 687 610 κὶ
707 571 752 611 τὲ
769 573 900 611 ἄποιον
926 582 1058 616 metas
1080 588 1174 616 vero
1199 588 1246 615 ac
1271 574 1499 628 desperatio
1528 575 1615 616 Deo
1645 575 1812 626 tributa,
1836 575 1876 618 cot·
1892 578 2057 632 quidem
2075 578 2179 616 κατὰ

228 633 483 679 κυριολογίαν,
512 646 563 673 ne
588 633 756 687 qaidem
774 633 915 686 aynita
940 633 1098 675 Christo
1127 647 1207 687 pro
1236 634 1408 688 peccatis
1436 634 1587 675 nostris
1617 647 1715 676 'vera
1732 649 1779 676 ac
1797 636 1922 689 plena
1939 637 2177 692 satisfactio.

228 689 289 730 De
323 689 567 732 Pastoribus
599 690 997 733 Remonstrantibus
1029 708 1068 746 p.
1092 692 1158 735 16.
1188 693 1319 734 refert
1337 707 1406 734 eos
1424 693 1467 734 in
1484 700 1686 735 conventit
1706 694 1918 736 Ordinam
1935 703 2108 748 testatos,
2131 711 2176 738 ea

226 763 330 804 quae
351 749 687 792 Samosateniani
703 759 775 794 aad
796 751 1010 793 Sociniani
1025 751 1164 793 docere
1180 752 1229 793 de
1244 760 1549 794 sacro-sanctae
1573 753 1783 800 Trinitate,
1803 754 1852 794 de
1868 754 2030 796 domini
2045 757 2178 797 nostri

227 808 325 850 desa
355 808 506 850 Christi
531 823 708 862 persona
735 818 858 865 atqae
884 811 1026 867 officio,
1055 811 1103 852 de
1127 812 1305 865 perfecta
1318 825 1398 865 pro
1412 812 1586 865 peccatis
1602 812 1892 866 satisfactione,
1911 813 1960 854 de
1967 815 2176 871 justifica-

227 867 333 909 tione
363 868 485 908 etiam
512 868 758 920 dicerentar,
791 870 818 910 a
846 884 886 911 se
902 870 1025 923 rejici,
1044 878 1187 912 contra
1213 885 1307 912 vero
1324 871 1374 912 iis
1391 871 1688 921 adhaerescere,
1711 885 1816 926 qaae
1837 873 2033 914 universa
2053 872 2173 916 Chri-

226 926 415 968 stianitas
442 927 523 969 illis
545 928 594 969 de
616 928 734 983 [pag.
760 928 866 983 508]
895 928 1016 971 rebus
1040 929 1234 982 probaret
1254 945 1262 971 ε
1293 944 1477 986 quaeqae
1488 930 1649 984 passim
1674 930 1718 971 in
1741 932 1980 985 reformatis
2005 933 2177 975 ecclesiis

226 986 480 1036 docerentur,
502 985 543 1028 Hc
565 1001 671 1042 (μιαί)
688 988 769 1041 ipsi
786 988 1016 1030 docuissent
1039 988 1248 1031 hactenus.
1266 988 1315 1030 In
1333 989 1415 1030 fine
1438 990 1625 1044 ejusdem
1648 989 1747 1030 libri
1765 1004 1803 1044 p.
1828 990 1923 1031 126.
1943 992 2030 1033 Hoc
2044 999 2177 1047 ayant

225 1044 432 1086 illustriss.
460 1046 589 1088 Ordd.
614 1047 869 1101 (sequestros
902 1047 989 1088 scil.
1014 1063 1057 1088 se
1083 1048 1287 1101 praebent
1312 1048 1598 1103 pugnantibus
1627 1047 1855 1103 Theologis
1879 1049 1928 1090 de
1949 1050 2176 1104 praedesti-

225 1103 412 1158 natione)
429 1118 516 1146 non
532 1107 765 1148 convellant
779 1106 1002 1161 cmtiqaam
1018 1107 1155 1164 sidem,
1174 1122 1260 1149 non
1277 1108 1530 1150 Oecamenie.
1543 1108 1803 1163 synodorum
1816 1109 2011 1163 doymata
2022 1111 2175 1152 rescin-

225 1163 359 1212 dant;
389 1177 474 1205 non
505 1164 722 1221 Pelagyiam
756 1166 1002 1208 resuscitant
1012 1182 1027 1215 ;
1061 1180 1147 1208 non
1183 1168 1238 1209 ad
1269 1167 1500 1209 Sarmatica
1519 1175 1712 1221 portenta
1748 1168 1978 1210 connivent.
2011 1168 2083 1222 (N.
2111 1168 2175 1223 Β.)

229 1222 455 1264 Christiani
486 1232 597 1265 sant.
622 1224 816 1268 Catholici
831 1234 1013 1268 nictnent.
1039 1227 1269 1281 Reformati
1289 1241 1373 1268 esse
1394 1241 1480 1268 non
1507 1226 1716 1269 desinant.
1736 1226 1877 1280 Atque
1900 1226 2003 1269 haec
2020 1227 2177 1270 dictata

224 1284 324 1323 tunc
356 1281 615 1329 ὲμοΞ-υμαδὲμ
644 1284 705 1324 ita
722 1284 958 1338 probabant
981 1284 1341 1336 Remonstrantes,
1375 1288 1449 1327 aut
1471 1287 1622 1327 saltem
1642 1286 1821 1340 probare
1839 1301 1882 1327 se
1900 1286 2174 1329 simulabant.

226 1340 337 1390 Quin
367 1341 397 1382 St
418 1341 507 1383 Joh.
546 1343 749 1385 Corvinus
777 1344 964 1398 apoloyia
973 1358 1011 1385 m
1034 1344 1161 1399 haias
1177 1345 1322 1399 scripti
1346 1346 1539 1388 Groticmi
1557 1353 1701 1386 contra
1721 1345 2066 1400 Boyermannam
2088 1346 2175 1387 edi-

226 1399 299 1440 dit,
324 1398 578 1455 Nuperrime
610 1402 755 1443 multis
787 1402 947 1457 ingenii
971 1403 1138 1445 dotibus
1171 1405 1479 1454 ornatissimus,
1513 1409 1541 1444 Si
1573 1404 1871 1446 celeberrimus
1903 1407 2027 1458 poeta
2053 1404 2174 1459 casp.

228 1458 429 1500 Barlaeus
462 1460 756 1514 philosophiae
778 1461 820 1502 in
853 1461 919 1503 Ill.
946 1461 1174 1517 Gymnasio
1197 1463 1522 1505 Amstelredam.
1543 1463 1773 1514 Professor,
1791 1462 1851 1504 ita
1869 1466 2010 1504 censet
2031 1466 2175 1505 contra

225 1517 495 1559 tolerantiam
527 1518 751 1561 Socinismi
783 1520 826 1562 in
849 1520 1057 1563 Vindio-iis
1090 1525 1235 1564 contra
1258 1521 1496 1573 Vedelium,
1515 1537 1618 1576 quas
1637 1524 1709 1563 aut
1732 1522 1822 1576 ipse
1840 1522 2086 1577 conscripsit
2103 1525 2176 1565 aut

225 1591 300 1630 pro
327 1592 369 1618 se
388 1577 514 1619 scribi
537 1578 720 1620 curavit:
747 1581 925 1635 Loquar,
944 1580 1081 1634 inquit
1098 1596 1174 1634 pro
1193 1583 1370 1624 Barlaeo
1386 1582 1577 1623 severitis.
1605 1583 1698 1625 Non
1716 1582 1852 1636 potuit
1870 1581 1977 1623 ittmt
1994 1582 2175 1636 foediore

225 1637 390 1677 macula
407 1650 695 1692 consparcare,
714 1653 844 1693 qaam
861 1639 1185 1689 Soeinimzismi;
1201 1655 1323 1696 qaem
1344 1641 1549 1683 Barlaeas
1564 1649 1717 1695 pestem
1746 1639 1786 1682 85
1802 1641 2070 1684 everticalam
2087 1655 2170 1683 esse

224 1695 319 1751 fidei
352 1696 612 1738 Christianae
638 1697 802 1740 dadam
836 1699 1020 1749 eredidit,
1055 1700 1246 1756 viamque
1276 1708 1456 1742 sternere
1486 1701 1542 1742 ad
1558 1701 1821 1747 πανολεὲπρὶαν
1837 1700 1926 1754 ejas
1943 1700 2169 1755 reliqionis,

224 1766 348 1809 qaam
360 1754 542 1809 pretioso
559 1770 634 1797 sao
646 1757 851 1811 sanquine
866 1759 1046 1812 aspersit
1057 1767 1248 1801 aeternas
1260 1760 1418 1802 aeterni
1428 1761 1507 1802 Dei
1522 1760 1650 1815 filias,
1665 1767 1799 1814 totque
1810 1772 1924 1800 neces
1935 1766 2174 1814 martyrum

228 1811 269 1854 θ(
287 1814 477 1856 lanienae
492 1814 696 1857 illustrem
714 1816 939 1858 reddidere.
955 1817 1011 1858 Et
1023 1817 1066 1858 in
1078 1818 1160 1859 fine
1175 1833 1182 1859 :
1204 1820 1264 1861 lta
1276 1820 1387 1860 enim
1405 1820 1490 1874 ipse
1502 1818 1742 1874 (Barlaeus)
1751 1818 1930 1873 judicat,
1948 1818 2173 1872 indiqnum

224 1885 265 1913 se
280 1873 380 1926 fore,
399 1874 472 1929 qai
487 1874 594 1915 inter
611 1875 791 1917 Batavos
810 1876 975 1930 pitblico
993 1891 1167 1920 manere
1184 1877 1329 1933 (NB.)
1349 1880 1570 1932 (armatur,
1588 1878 1814 1932 indignam
1833 1891 1954 1932 qaem
1972 1877 2173 1932 Ampliss.

224 1932 408 1986 Reipabt.
432 1933 671 1975 Amstelred.
709 1936 936 1990 Optimates
969 1937 1185 1978 tenerrime
1216 1938 1408 1991 secedam
1427 1938 1650 1993 indiynnm
1667 1937 1787 1990 cujas
1804 1936 1944 1978 stadia
1956 1937 2172 1978 Illustriss.

226 1991 425 2046 Princeps
448 1993 652 2034 Adriacas
675 1994 831 2049 insiyni
847 1994 1084 2037 liberalitate
1100 1997 1229 2051 eriyat
1255 1996 1327 2039 dcc.
1351 1997 1388 2038 si
1404 1997 1554 2047 Socini,
1573 1997 1610 2038 si
1626 1997 1744 2038 Anti-
1756 1995 2084 2037 Trinitarioram
2100 2003 2173 2038 aat

223 2050 426 2092 similiani
458 2052 755 2094 haereticoram
774 2055 997 2096 malesanis
1018 2054 1059 2096 ec
1075 2056 1288 2098 dctmnatis
1299 2057 1348 2098 ab
1366 2057 1528 2098 eeclesia
1544 2056 1740 2097 universa
1758 2053 2018 2110 doqmatibas
2028 2068 2168 2096 assen-

225 2109 365 2151 tiatur.
385 2109 591 2152 Addimus
608 2114 834 2165 postremo,
854 2128 903 2154 ex
915 2113 1202 2167 prohibitione
1215 2115 1403 2156 exercitii
1415 2114 1739 2156 reformatorum
1753 2114 1844 2168 (qui
1856 2113 1944 2154 scil.
1958 2114 2174 2168 negabant

224 2182 298 2220 per
313 2169 609 2211 conscientiam
627 2185 670 2211 se
688 2186 808 2224 posse
826 2175 900 2213 aut
917 2173 1134 2215 conciones
1152 2173 1310 2220 audire,
1331 2176 1403 2216 aut
1420 2188 1592 2215 coenam
1611 2174 1797 2227 accipere
1814 2172 1867 2214 ab
1884 2172 1970 2213 illis
1988 2172 2061 2226 qui
2079 2172 2171 2214 doc-

223 2227 378 2268 trinam
411 2229 460 2269 de
490 2227 636 2270 Gratia
662 2229 755 2281 Dei,
785 2231 1182 2284 praedestinatione,
1206 2233 1235 2274 &
1257 2233 1571 2286 perseverantia
1603 2231 1860 2273 calumniose
1887 2231 2168 2284 traducerent,

224 2285 394 2339 insuper
407 2287 511 2328 alias
528 2288 736 2330 novitates
754 2288 895 2331 fovere
912 2289 1170 2345 viderentur)
1183 2290 1583 2333 Remonstrantibus
1593 2291 1694 2332 olim
1707 2293 1926 2344 tantopere
1937 2290 2129 2344 probata,
2142 2292 2172 2334 δῦ

225 2347 248 2385 a
266 2344 589 2399 Magistratibus
609 2347 681 2401 qui
697 2348 792 2389 illos
810 2348 1050 2401 audiebant,
1068 2353 1258 2403 peracta,
1283 2350 1460 2391 firmiter
1478 2350 1667 2392 concludi
1684 2364 1804 2404 posse
1824 2348 2171 2391 Remonstrantes

224 2406 323 2445 tunc
353 2405 515 2446 nullam
548 2405 772 2448 Socinismi
803 2408 1073 2450 tolerantiam
1095 2424 1290 2450 suasuros
1324 2409 1466 2451 fuisse.
1486 2409 1613 2450 Ratio
1636 2407 1957 2461 consequentiae
1974 2410 2052 2458 est,
2071 2408 2170 2461 quia

225 2461 570 2506 ltemonstrantes
607 2465 714 2507 tales
753 2466 963 2508 auditores
1002 2468 1212 2521 quondam
1245 2483 1340 2509 suos
1373 2484 1455 2510 non
1488 2468 1714 2510 deteriores
1748 2467 1898 2508 saltem
1921 2466 2169 2520 judicabant

225 2519 469 2564 Socinianis.
490 2522 534 2564 Si
548 2538 648 2579 ergo
660 2524 728 2566 hic
740 2524 944 2566 fratribus
962 2527 1047 2567 suis
1066 2527 1245 2568 infirmis
1262 2528 1470 2581 putabant
1489 2527 1731 2568 libertatem
1747 2541 1831 2568 non
1850 2525 2168 2577 concedendam,

226 2579 371 2633 utique
393 2579 626 2623 Socinianis
659 2598 741 2624 non
759 2584 1071 2626 concessissent.
1093 2585 1355 2627 Antecedens
1378 2586 1511 2628 nostri
1527 2585 1768 2641 argumenti
1785 2584 1936 2639 probat
1954 2584 2168 2626 decretum

225 2637 564 2692 Ultrajectinum,
578 2640 953 2684 &Schielandicum
963 2645 987 2684 a
1003 2643 1148 2686 Grotio
1165 2647 1311 2699 postea
1320 2645 1551 2696 defensum,
1565 2647 1828 2698 &utrumque
1842 2642 2058 2684 defensum
2071 2659 2168 2698 pas·

226 2696 305 2737 sim
323 2699 347 2738 a
361 2699 722 2741 concionatoribus
737 2701 1129 2753 Remonstranticis‚
1154 2707 1425 2758 argumentas
1444 2704 1548 2758 ipsis
1566 2704 1860 2758 suppeditante
1869 2701 2079 2755 Episcopii
2089 2703 2168 2745 Di-

225 2764 364 2809 sputat
369 2756 458 2798 ione
463 2759 626 2812 publica
639 2759 679 2802 a
687 2762 867 2815 privata,
881 2761 944 2802 De
955 2761 1058 2803 ‹lare
1066 2763 1334 2818 Maqistratas
1343 2763 1448 2805 circa
1458 2777 1590 2805 sacra.
1601 2763 1681 2804 Hic
1688 2762 1805 2803 nulla
1818 2760 2006 2814 exceptio
2016 2764 2079 2802 est
2087 2761 2169 2802 nisi

226 2813 366 2856 dicant
377 2829 473 2857 oves
485 2816 580 2859 illas
590 2819 794 2873 (ipsorum
806 2819 963 2873 judicio
973 2823 1160 2863 errantes
1170 2823 1199 2864 &
1211 2821 1417 2876 infirmas)
1426 2825 1526 2864 tunc
1534 2822 1664 2865 fuisse
1682 2820 1907 2863 deteriores
1920 2817 2166 2861 Socinianis.

2128 2880 2168 2921 9.
