<?xml version="1.0" encoding="UTF-8"?>
<!DOCTYPE html PUBLIC "-//W3C//DTD XHTML 1.0 Transitional//EN"
    "http://www.w3.org/TR/xhtml1/DTD/xhtml1-transitional.dtd">
<html xmlns="http://www.w3.org/1999/xhtml" xml:lang="en" lang="en">
 <head>
  <title>
</title>
<meta http-equiv="Content-Type" content="text/html;charset=utf-8" />
  <meta name='ocr-system' content='tesseract 3.04.00' />
  <meta name='ocr-capabilities' content='ocr_page ocr_carea ocr_par ocr_line ocrx_word'/>
</head>
<body>
  <div class='ocr_page' id='page_1' title='image "./gysbertivoetiise00voet_0204.png"; bbox 0 0 2399 3084; ppageno 0'>
   <div class='ocr_carea' id='block_1_1' title="bbox 267 118 2061 165">
    <p class='ocr_par' dir='ltr' id='par_1_1' title="bbox 267 118 2061 165">
     <span class='ocr_line' id='line_1_1' title="bbox 267 118 2061 165; baseline 0.002 -3"><span class='ocrx_word' id='word_1_1' title='bbox 267 120 349 163; x_wconf 99' lang='grc'>176</span> <span class='ocrx_word' id='word_1_2' title='bbox 410 121 555 163; x_wconf 73' lang='lat' dir='ltr'>D1sp.</span> <span class='ocrx_word' id='word_1_3' title='bbox 587 120 685 163; x_wconf 91' lang='lat' dir='ltr'><strong>VII.</strong></span> <span class='ocrx_word' id='word_1_4' title='bbox 718 121 1162 163; x_wconf 66' lang='lat' dir='ltr'>Pnomnmmnm</span> <span class='ocrx_word' id='word_1_5' title='bbox 1193 134 1257 161; x_wconf 81' lang='lat' dir='ltr'>DE</span> <span class='ocrx_word' id='word_1_6' title='bbox 1288 118 1522 164; x_wconf 70' lang='lat' dir='ltr'>MERmo</span> <span class='ocrx_word' id='word_1_7' title='bbox 1555 121 1808 165; x_wconf 77' lang='lat' dir='ltr'>CHRISTI</span> <span class='ocrx_word' id='word_1_8' title='bbox 1840 119 1994 163; x_wconf 77' lang='lat' dir='ltr'>PARS</span> <span class='ocrx_word' id='word_1_9' title='bbox 2026 122 2061 165; x_wconf 93' lang='grc' dir='ltr'>Ι.</span> 
     </span>
    </p>
   </div>
   <div class='ocr_carea' id='block_1_2' title="bbox 255 243 2213 2835">
    <p class='ocr_par' dir='ltr' id='par_1_2' title="bbox 255 243 2213 2130">
     <span class='ocr_line' id='line_1_2' title="bbox 266 243 2212 295; baseline 0.002 -9"><span class='ocrx_word' id='word_1_10' title='bbox 266 246 416 295; x_wconf 74' lang='grc' dir='ltr'>λύτρον,</span> <span class='ocrx_word' id='word_1_11' title='bbox 436 245 659 294; x_wconf 67' lang='grc' dir='ltr'>ἀντίλυτρον</span> <span class='ocrx_word' id='word_1_12' title='bbox 691 245 836 287; x_wconf 57' lang='lat' dir='ltr'>Matala.</span> <span class='ocrx_word' id='word_1_13' title='bbox 869 244 938 286; x_wconf 90' lang='lat'>20.</span> <span class='ocrx_word' id='word_1_14' title='bbox 974 244 1042 286; x_wconf 83' lang='lat'>28.</span> <span class='ocrx_word' id='word_1_15' title='bbox 1080 245 1156 287; x_wconf 79' lang='lat' dir='ltr'>Til.</span> <span class='ocrx_word' id='word_1_16' title='bbox 1186 245 1225 286; x_wconf 87' lang='lat'>2.</span> <span class='ocrx_word' id='word_1_17' title='bbox 1252 258 1289 286; x_wconf 83' lang='grc' dir='ltr'>υ.</span> <span class='ocrx_word' id='word_1_18' title='bbox 1312 243 1380 286; x_wconf 95' lang='grc'>14.</span> <span class='ocrx_word' id='word_1_19' title='bbox 1399 244 1437 285; x_wconf 93' lang='grc'>1.</span> <span class='ocrx_word' id='word_1_20' title='bbox 1457 245 1566 286; x_wconf 79' lang='lat' dir='ltr'>Pecr.</span> <span class='ocrx_word' id='word_1_21' title='bbox 1593 244 1629 286; x_wconf 87' lang='lat'>1.</span> <span class='ocrx_word' id='word_1_22' title='bbox 1648 259 1684 286; x_wconf 87' lang='lat' dir='ltr'>v.</span> <span class='ocrx_word' id='word_1_23' title='bbox 1711 243 1914 286; x_wconf 80' lang='lat' dir='ltr'><strong>18.Hebr.</strong></span> <span class='ocrx_word' id='word_1_24' title='bbox 1934 245 1974 286; x_wconf 87' lang='lat'>9.</span> <span class='ocrx_word' id='word_1_25' title='bbox 1995 246 2062 287; x_wconf 89' lang='lat'>12.</span> <span class='ocrx_word' id='word_1_26' title='bbox 2084 247 2123 289; x_wconf 90' lang='lat'>1.</span> <span class='ocrx_word' id='word_1_27' title='bbox 2143 248 2212 290; x_wconf 74' lang='lat' dir='ltr'>Ti-</span> 
     </span>
     <span class='ocr_line' id='line_1_3' title="bbox 266 302 2210 359; baseline 0.001 -13"><span class='ocrx_word' id='word_1_28' title='bbox 266 305 391 347; x_wconf 78' lang='lat' dir='ltr'>moth.</span> <span class='ocrx_word' id='word_1_29' title='bbox 426 305 465 345; x_wconf 87' lang='lat'>2.</span> <span class='ocrx_word' id='word_1_30' title='bbox 500 304 538 345; x_wconf 85' lang='lat'>5.</span> <span class='ocrx_word' id='word_1_31' title='bbox 572 304 772 353; x_wconf 73' lang='lat' dir='ltr'>Secundo,</span> <span class='ocrx_word' id='word_1_32' title='bbox 808 302 990 354; x_wconf 53' lang='grc' dir='ltr'>ἀγοράζει)</span> <span class='ocrx_word' id='word_1_33' title='bbox 1010 302 1236 354; x_wconf 69' lang='grc' dir='ltr'><em>ἐξάγορὰζω</em></span> <span class='ocrx_word' id='word_1_34' title='bbox 1251 305 1361 352; x_wconf 74' lang='grc' dir='ltr'>τιμή,</span> <span class='ocrx_word' id='word_1_35' title='bbox 1386 304 1423 345; x_wconf 89' lang='grc'>1.</span> <span class='ocrx_word' id='word_1_36' title='bbox 1445 303 1628 346; x_wconf 77' lang='lat' dir='ltr'><em>Corinth.</em></span> <span class='ocrx_word' id='word_1_37' title='bbox 1653 304 1693 347; x_wconf 85' lang='lat'>6.</span> <span class='ocrx_word' id='word_1_38' title='bbox 1711 304 1779 345; x_wconf 89' lang='lat'>20.</span> <span class='ocrx_word' id='word_1_39' title='bbox 1802 305 1891 347; x_wconf 79' lang='lat' dir='ltr'>Gal.</span> <span class='ocrx_word' id='word_1_40' title='bbox 1912 304 1951 345; x_wconf 84' lang='lat'>3.</span> <span class='ocrx_word' id='word_1_41' title='bbox 1974 306 2041 348; x_wconf 86' lang='lat'>13.</span> <span class='ocrx_word' id='word_1_42' title='bbox 2066 307 2210 359; x_wconf 71' lang='lat' dir='ltr'>Tertio,</span> 
     </span>
     <span class='ocr_line' id='line_1_4' title="bbox 263 362 2211 417; baseline 0.003 -15"><span class='ocrx_word' id='word_1_43' title='bbox 263 363 473 412; x_wconf 63' lang='grc' dir='ltr'><em>λυτρωτὴς,</em></span> <span class='ocrx_word' id='word_1_44' title='bbox 508 362 674 414; x_wconf 90' lang='lat' dir='ltr'>vindex,</span> <span class='ocrx_word' id='word_1_45' title='bbox 710 363 804 413; x_wconf 46' lang='grc' dir='ltr'>ἴημα</span> <span class='ocrx_word' id='word_1_46' title='bbox 818 362 917 417; x_wconf 59' lang='lat' dir='ltr'>qod,</span> <span class='ocrx_word' id='word_1_47' title='bbox 947 362 1158 404; x_wconf 87' lang='lat' dir='ltr'>vindicare</span> <span class='ocrx_word' id='word_1_48' title='bbox 1176 363 1340 404; x_wconf 76' lang='lat' dir='ltr'>Levecic.</span> <span class='ocrx_word' id='word_1_49' title='bbox 1360 362 1429 403; x_wconf 84' lang='lat'>25.</span> <span class='ocrx_word' id='word_1_50' title='bbox 1449 362 1478 403; x_wconf 83' lang='grc'>81</span> <span class='ocrx_word' id='word_1_51' title='bbox 1499 362 1632 405; x_wconf 76' lang='lat' dir='ltr'>Actor.</span> <span class='ocrx_word' id='word_1_52' title='bbox 1660 363 1697 404; x_wconf 87' lang='grc'>7.</span> <span class='ocrx_word' id='word_1_53' title='bbox 1718 362 1786 404; x_wconf 95' lang='grc'>35.</span> <span class='ocrx_word' id='word_1_54' title='bbox 1810 363 1899 405; x_wconf 77' lang='lat' dir='ltr'>coll.</span> <span class='ocrx_word' id='word_1_55' title='bbox 1918 378 2013 405; x_wconf 90' lang='lat' dir='ltr'>cum</span> <span class='ocrx_word' id='word_1_56' title='bbox 2035 365 2086 406; x_wconf 89' lang='lat' dir='ltr'>iis</span> <span class='ocrx_word' id='word_1_57' title='bbox 2109 365 2211 407; x_wconf 89' lang='lat' dir='ltr'>locis</span> 
     </span>
     <span class='ocr_line' id='line_1_5' title="bbox 263 421 2212 477; baseline 0.001 -13"><span class='ocrx_word' id='word_1_58' title='bbox 263 423 336 464; x_wconf 87' lang='lat' dir='ltr'>ubi</span> <span class='ocrx_word' id='word_1_59' title='bbox 362 438 437 464; x_wconf 91' lang='lat' dir='ltr'>nos</span> <span class='ocrx_word' id='word_1_60' title='bbox 453 437 528 477; x_wconf 87' lang='lat' dir='ltr'>per</span> <span class='ocrx_word' id='word_1_61' title='bbox 545 421 761 463; x_wconf 85' lang='lat' dir='ltr'>Christum</span> <span class='ocrx_word' id='word_1_62' title='bbox 777 422 1057 463; x_wconf 86' lang='lat' dir='ltr'>redemtorem</span> <span class='ocrx_word' id='word_1_63' title='bbox 1074 421 1251 463; x_wconf 84' lang='lat' dir='ltr'>dicimur</span> <span class='ocrx_word' id='word_1_64' title='bbox 1273 421 1555 461; x_wconf 58' lang='grc' dir='ltr'><em>ἀλλάττεσθαι</em></span> <span class='ocrx_word' id='word_1_65' title='bbox 1572 423 1601 464; x_wconf 84' lang='grc'>81</span> <span class='ocrx_word' id='word_1_66' title='bbox 1620 424 1859 470; x_wconf 60' lang='grc' dir='ltr'><em>λυτροῦσὲῑα</em></span> <span class='ocrx_word' id='word_1_67' title='bbox 1878 424 1901 463; x_wconf 74' lang='lat' dir='ltr'>a</span> <span class='ocrx_word' id='word_1_68' title='bbox 1917 423 2164 477; x_wconf 66' lang='lat' dir='ltr'>captivitate</span> <span class='ocrx_word' id='word_1_69' title='bbox 2183 425 2212 467; x_wconf 84' lang='lat'>&amp;</span> 
     </span>
     <span class='ocr_line' id='line_1_6' title="bbox 262 480 2213 535; baseline -0.001 -12"><span class='ocrx_word' id='word_1_70' title='bbox 262 482 464 523; x_wconf 88' lang='lat' dir='ltr'>servitute</span> <span class='ocrx_word' id='word_1_71' title='bbox 482 481 656 535; x_wconf 88' lang='lat' dir='ltr'>peccati,</span> <span class='ocrx_word' id='word_1_72' title='bbox 676 480 845 531; x_wconf 88' lang='lat' dir='ltr'>diaboli,</span> <span class='ocrx_word' id='word_1_73' title='bbox 869 480 1018 522; x_wconf 87' lang='lat' dir='ltr'>mortis</span> <span class='ocrx_word' id='word_1_74' title='bbox 1036 482 1102 524; x_wconf 84' lang='grc'><strong>813.</strong></span> <span class='ocrx_word' id='word_1_75' title='bbox 1125 481 1161 523; x_wconf 88' lang='grc'>1.</span> <span class='ocrx_word' id='word_1_76' title='bbox 1185 481 1292 524; x_wconf 77' lang='lat' dir='ltr'>Pelr.</span> <span class='ocrx_word' id='word_1_77' title='bbox 1314 481 1351 521; x_wconf 92' lang='lat'>1.</span> <span class='ocrx_word' id='word_1_78' title='bbox 1382 481 1448 522; x_wconf 84' lang='lat'>18.</span> <span class='ocrx_word' id='word_1_79' title='bbox 1468 481 1588 523; x_wconf 77' lang='lat' dir='ltr'>Hebr.</span> <span class='ocrx_word' id='word_1_80' title='bbox 1610 482 1649 522; x_wconf 89' lang='grc'><strong>2.</strong></span> <span class='ocrx_word' id='word_1_81' title='bbox 1670 481 1737 522; x_wconf 90' lang='grc'>15.</span> <span class='ocrx_word' id='word_1_82' title='bbox 1770 481 1941 534; x_wconf 74' lang='lat' dir='ltr'>Quarto,</span> <span class='ocrx_word' id='word_1_83' title='bbox 1960 481 2213 521; x_wconf 74' lang='grc' dir='ltr'><em>ἀπαλλάττω</em></span> 
     </span>
     <span class='ocr_line' id='line_1_7' title="bbox 261 537 2209 595; baseline -0.002 -12"><span class='ocrx_word' id='word_1_84' title='bbox 261 541 385 586; x_wconf 82' lang='lat' dir='ltr'>Hebr.</span> <span class='ocrx_word' id='word_1_85' title='bbox 403 541 441 581; x_wconf 88' lang='grc'><strong>2.</strong></span> <span class='ocrx_word' id='word_1_86' title='bbox 464 540 531 581; x_wconf 91' lang='grc'>15.</span> <span class='ocrx_word' id='word_1_87' title='bbox 553 539 628 582; x_wconf 93' lang='lat' dir='ltr'>IV.</span> <span class='ocrx_word' id='word_1_88' title='bbox 650 541 801 583; x_wconf 79' lang='lat' dir='ltr'>Classis</span> <span class='ocrx_word' id='word_1_89' title='bbox 817 539 1011 594; x_wconf 82' lang='lat' dir='ltr'>signatur</span> <span class='ocrx_word' id='word_1_90' title='bbox 1027 555 1124 582; x_wconf 78' lang='lat' dir='ltr'>voce</span> <span class='ocrx_word' id='word_1_91' title='bbox 1140 541 1319 583; x_wconf 77' lang='lat' dir='ltr'>victima.</span> <span class='ocrx_word' id='word_1_92' title='bbox 1352 539 1447 581; x_wconf 88' lang='lat' dir='ltr'>Huc</span> <span class='ocrx_word' id='word_1_93' title='bbox 1468 539 1579 581; x_wconf 88' lang='lat' dir='ltr'>refer</span> <span class='ocrx_word' id='word_1_94' title='bbox 1593 540 1747 595; x_wconf 77' lang='lat' dir='ltr'>primo,</span> <span class='ocrx_word' id='word_1_95' title='bbox 1765 537 1970 592; x_wconf 65' lang='grc' dir='ltr'>ἀναφέρειν,</span> <span class='ocrx_word' id='word_1_96' title='bbox 1993 539 2209 593; x_wconf 75' lang='grc' dir='ltr'>προσ-φορὰ,</span> 
     </span>
     <span class='ocr_line' id='line_1_8' title="bbox 260 598 2211 654; baseline 0.001 -16"><span class='ocrx_word' id='word_1_97' title='bbox 260 599 495 651; x_wconf 56' lang='grc' dir='ltr'>πρᾶο-φέρειν,</span> <span class='ocrx_word' id='word_1_98' title='bbox 527 601 662 646; x_wconf 62' lang='lat' dir='ltr'>eruo-ix,</span> <span class='ocrx_word' id='word_1_99' title='bbox 695 598 812 646; x_wconf 57' lang='grc' dir='ltr'>θύειν,</span> <span class='ocrx_word' id='word_1_100' title='bbox 845 599 1036 648; x_wconf 76' lang='grc' dir='ltr'>ἀμαρτῐά,</span> <span class='ocrx_word' id='word_1_101' title='bbox 1060 609 1173 645; x_wconf 63' lang='lat' dir='ltr'>:mm</span> <span class='ocrx_word' id='word_1_102' title='bbox 1206 600 1418 651; x_wconf 88' lang='lat' dir='ltr'>delictum,</span> <span class='ocrx_word' id='word_1_103' title='bbox 1452 613 1601 654; x_wconf 86' lang='lat' dir='ltr'>agnus,</span> <span class='ocrx_word' id='word_1_104' title='bbox 1632 598 1803 653; x_wconf 84' lang='lat' dir='ltr'>pascha,</span> <span class='ocrx_word' id='word_1_105' title='bbox 1826 599 1973 651; x_wconf 90' lang='lat' dir='ltr'>altare,</span> <span class='ocrx_word' id='word_1_106' title='bbox 2007 599 2211 650; x_wconf 81' lang='lat' dir='ltr'>sacerdos,</span> 
     </span>
     <span class='ocr_line' id='line_1_9' title="bbox 261 657 2210 714; baseline -0.001 -14"><span class='ocrx_word' id='word_1_107' title='bbox 261 657 459 700; x_wconf 82' lang='lat' dir='ltr'>Pontifex</span> <span class='ocrx_word' id='word_1_108' title='bbox 477 657 526 698; x_wconf 87' lang='lat' dir='ltr'>de</span> <span class='ocrx_word' id='word_1_109' title='bbox 549 657 708 700; x_wconf 81' lang='lat' dir='ltr'>Christi</span> <span class='ocrx_word' id='word_1_110' title='bbox 725 657 1065 713; x_wconf 89' lang='lat' dir='ltr'>perpessionibus</span> <span class='ocrx_word' id='word_1_111' title='bbox 1083 675 1157 714; x_wconf 90' lang='lat' dir='ltr'>pro</span> <span class='ocrx_word' id='word_1_112' title='bbox 1175 659 1297 700; x_wconf 90' lang='lat' dir='ltr'>nobis</span> <span class='ocrx_word' id='word_1_113' title='bbox 1314 660 1531 712; x_wconf 86' lang='lat' dir='ltr'>usurpata,</span> <span class='ocrx_word' id='word_1_114' title='bbox 1549 658 1697 713; x_wconf 80' lang='lat' dir='ltr'>Eplzes.</span> <span class='ocrx_word' id='word_1_115' title='bbox 1729 659 1768 699; x_wconf 84' lang='lat'>5.</span> <span class='ocrx_word' id='word_1_116' title='bbox 1793 659 1831 699; x_wconf 84' lang='lat'>2.</span> <span class='ocrx_word' id='word_1_117' title='bbox 1852 658 1974 700; x_wconf 76' lang='lat' dir='ltr'>Hebr.</span> <span class='ocrx_word' id='word_1_118' title='bbox 1995 658 2032 699; x_wconf 86' lang='lat'>7.</span> <span class='ocrx_word' id='word_1_119' title='bbox 2052 658 2122 700; x_wconf 89' lang='lat'>27.</span> <span class='ocrx_word' id='word_1_120' title='bbox 2141 659 2210 700; x_wconf 87' lang='lat'>28.</span> 
     </span>
     <span class='ocr_line' id='line_1_10' title="bbox 264 716 2211 761; baseline 0.001 -3"><span class='ocrx_word' id='word_1_121' title='bbox 264 718 300 758; x_wconf 90' lang='lat'>1.</span> <span class='ocrx_word' id='word_1_122' title='bbox 338 718 427 759; x_wconf 75' lang='lat' dir='ltr'><strong>Cor.</strong></span> <span class='ocrx_word' id='word_1_123' title='bbox 453 716 492 758; x_wconf 85' lang='lat'>5.</span> <span class='ocrx_word' id='word_1_124' title='bbox 514 716 552 758; x_wconf 91' lang='grc'>7.</span> <span class='ocrx_word' id='word_1_125' title='bbox 569 717 717 759; x_wconf 74' lang='grc' dir='ltr'><strong>ΙοΙιαη.</strong></span> <span class='ocrx_word' id='word_1_126' title='bbox 754 718 792 759; x_wconf 93' lang='grc'>1.</span> <span class='ocrx_word' id='word_1_127' title='bbox 809 731 847 759; x_wconf 80' lang='grc' dir='ltr'>υ.</span> <span class='ocrx_word' id='word_1_128' title='bbox 866 718 939 759; x_wconf 90' lang='grc'>20.</span> <span class='ocrx_word' id='word_1_129' title='bbox 959 718 999 759; x_wconf 94' lang='grc'>2.</span> <span class='ocrx_word' id='word_1_130' title='bbox 1019 716 1201 761; x_wconf 70' lang='lat' dir='ltr'>Corinth.</span> <span class='ocrx_word' id='word_1_131' title='bbox 1222 718 1261 759; x_wconf 88' lang='grc'>5.</span> <span class='ocrx_word' id='word_1_132' title='bbox 1280 718 1387 760; x_wconf 82' lang='lat' dir='ltr'>Jesa.</span> <span class='ocrx_word' id='word_1_133' title='bbox 1409 717 1477 758; x_wconf 84' lang='lat'>53.</span> <span class='ocrx_word' id='word_1_134' title='bbox 1497 717 1622 760; x_wconf 71' lang='lat' dir='ltr'>Hebr.</span> <span class='ocrx_word' id='word_1_135' title='bbox 1642 717 1708 758; x_wconf 85' lang='lat'>13.</span> <span class='ocrx_word' id='word_1_136' title='bbox 1735 717 1802 757; x_wconf 90' lang='lat'>10.</span> <span class='ocrx_word' id='word_1_137' title='bbox 1822 717 1944 759; x_wconf 82' lang='lat' dir='ltr'>Hebr.</span> <span class='ocrx_word' id='word_1_138' title='bbox 1965 717 2003 758; x_wconf 93' lang='grc'>7.</span> <span class='ocrx_word' id='word_1_139' title='bbox 2023 718 2091 758; x_wconf 88' lang='grc'>27.</span> <span class='ocrx_word' id='word_1_140' title='bbox 2114 716 2154 759; x_wconf 76' lang='grc' dir='ltr'>θί</span> <span class='ocrx_word' id='word_1_141' title='bbox 2171 718 2211 760; x_wconf 85' lang='grc'>0.</span> 
     </span>
     <span class='ocr_line' id='line_1_11' title="bbox 264 774 2210 831; baseline 0 -14"><span class='ocrx_word' id='word_1_142' title='bbox 264 777 330 818; x_wconf 85' lang='grc'>14.</span> <span class='ocrx_word' id='word_1_143' title='bbox 369 776 438 818; x_wconf 91' lang='grc'>28.</span> <span class='ocrx_word' id='word_1_144' title='bbox 476 774 515 817; x_wconf 60' lang='grc' dir='ltr'><em>ἃ</em></span> <span class='ocrx_word' id='word_1_145' title='bbox 552 776 618 817; x_wconf 87' lang='grc'>10.</span> <span class='ocrx_word' id='word_1_146' title='bbox 638 790 740 818; x_wconf 78' lang='lat' dir='ltr'>vers.</span> <span class='ocrx_word' id='word_1_147' title='bbox 763 777 829 818; x_wconf 85' lang='lat'>10.</span> <span class='ocrx_word' id='word_1_148' title='bbox 852 777 918 817; x_wconf 90' lang='grc'>12.</span> <span class='ocrx_word' id='word_1_149' title='bbox 946 776 983 818; x_wconf 92' lang='grc'>1.</span> <span class='ocrx_word' id='word_1_150' title='bbox 1004 778 1113 819; x_wconf 77' lang='lat' dir='ltr'>Petr.</span> <span class='ocrx_word' id='word_1_151' title='bbox 1134 779 1173 819; x_wconf 90' lang='grc'>2.</span> <span class='ocrx_word' id='word_1_152' title='bbox 1193 778 1261 818; x_wconf 91' lang='grc'>24.</span> <span class='ocrx_word' id='word_1_153' title='bbox 1281 776 1480 825; x_wconf 76' lang='lat' dir='ltr'>Secundo,</span> <span class='ocrx_word' id='word_1_154' title='bbox 1504 778 1594 818; x_wconf 86' lang='lat' dir='ltr'>tota</span> <span class='ocrx_word' id='word_1_155' title='bbox 1612 776 1756 817; x_wconf 88' lang='lat' dir='ltr'>schola</span> <span class='ocrx_word' id='word_1_156' title='bbox 1780 776 2079 818; x_wconf 89' lang='lat' dir='ltr'>sacrificiorum</span> <span class='ocrx_word' id='word_1_157' title='bbox 2097 777 2127 818; x_wconf 82' lang='grc'>81</span> <span class='ocrx_word' id='word_1_158' title='bbox 2143 779 2210 831; x_wconf 87' lang='lat' dir='ltr'>ty-</span> 
     </span>
     <span class='ocr_line' id='line_1_12' title="bbox 259 834 2208 890; baseline 0.001 -14"><span class='ocrx_word' id='word_1_159' title='bbox 259 850 409 889; x_wconf 87' lang='lat' dir='ltr'>porum</span> <span class='ocrx_word' id='word_1_160' title='bbox 441 834 497 877; x_wconf 90' lang='lat' dir='ltr'>V.</span> <span class='ocrx_word' id='word_1_161' title='bbox 534 834 583 876; x_wconf 89' lang='lat' dir='ltr'><strong>T.</strong></span> <span class='ocrx_word' id='word_1_162' title='bbox 615 835 699 877; x_wconf 88' lang='lat' dir='ltr'>huc</span> <span class='ocrx_word' id='word_1_163' title='bbox 722 836 974 887; x_wconf 70' lang='lat' dir='ltr'>advocanda,</span> <span class='ocrx_word' id='word_1_164' title='bbox 1007 837 1160 890; x_wconf 89' lang='lat' dir='ltr'>quibus</span> <span class='ocrx_word' id='word_1_165' title='bbox 1193 835 1431 886; x_wconf 81' lang='lat' dir='ltr'>translatio,</span> <span class='ocrx_word' id='word_1_166' title='bbox 1465 834 1693 889; x_wconf 74' lang='lat' dir='ltr'>impositio,</span> <span class='ocrx_word' id='word_1_167' title='bbox 1729 834 1976 887; x_wconf 79' lang='lat' dir='ltr'>satisfactio,</span> <span class='ocrx_word' id='word_1_168' title='bbox 2011 835 2208 890; x_wconf 80' lang='lat' dir='ltr'>expiatio,</span> 
     </span>
     <span class='ocr_line' id='line_1_13' title="bbox 260 893 2210 951; baseline 0.001 -16"><span class='ocrx_word' id='word_1_169' title='bbox 260 895 380 950; x_wconf 84' lang='lat' dir='ltr'>[pag.</span> <span class='ocrx_word' id='word_1_170' title='bbox 399 894 506 949; x_wconf 86' lang='lat'><strong>232]</strong></span> <span class='ocrx_word' id='word_1_171' title='bbox 529 894 789 948; x_wconf 86' lang='lat' dir='ltr'>propitiatio,</span> <span class='ocrx_word' id='word_1_172' title='bbox 809 894 982 944; x_wconf 89' lang='lat' dir='ltr'>ablatio,</span> <span class='ocrx_word' id='word_1_173' title='bbox 1001 897 1213 951; x_wconf 80' lang='lat' dir='ltr'>purgatio,</span> <span class='ocrx_word' id='word_1_174' title='bbox 1246 894 1437 936; x_wconf 85' lang='lat' dir='ltr'>remissio</span> <span class='ocrx_word' id='word_1_175' title='bbox 1459 897 1726 948; x_wconf 87' lang='lat' dir='ltr'>peccatorum</span> <span class='ocrx_word' id='word_1_176' title='bbox 1757 893 1973 946; x_wconf 88' lang='lat' dir='ltr'>tribuitur,</span> <span class='ocrx_word' id='word_1_177' title='bbox 1992 895 2149 936; x_wconf 74' lang='lat' dir='ltr'>Levitic.</span> <span class='ocrx_word' id='word_1_178' title='bbox 2173 895 2210 937; x_wconf 91' lang='lat' dir='ltr'>l.</span> 
     </span>
     <span class='ocr_line' id='line_1_14' title="bbox 260 951 2210 1009; baseline 0.001 -16"><span class='ocrx_word' id='word_1_179' title='bbox 260 956 299 995; x_wconf 84' lang='grc'>3.</span> <span class='ocrx_word' id='word_1_180' title='bbox 332 955 373 996; x_wconf 90' lang='grc'>4.</span> <span class='ocrx_word' id='word_1_181' title='bbox 410 951 451 995; x_wconf 68' lang='grc' dir='ltr'>ἃ·</span> <span class='ocrx_word' id='word_1_182' title='bbox 486 954 526 994; x_wconf 90' lang='grc'>4.</span> <span class='ocrx_word' id='word_1_183' title='bbox 549 967 652 995; x_wconf 76' lang='lat' dir='ltr'>vers.</span> <span class='ocrx_word' id='word_1_184' title='bbox 675 954 741 996; x_wconf 84' lang='lat'>15.</span> <span class='ocrx_word' id='word_1_185' title='bbox 766 954 835 995; x_wconf 85' lang='lat'>29.</span> <span class='ocrx_word' id='word_1_186' title='bbox 860 954 929 995; x_wconf 89' lang='grc'>32.</span> <span class='ocrx_word' id='word_1_187' title='bbox 953 953 994 996; x_wconf 73' lang='lat' dir='ltr'>a·</span> <span class='ocrx_word' id='word_1_188' title='bbox 1013 955 1080 995; x_wconf 88' lang='grc'>16.</span> <span class='ocrx_word' id='word_1_189' title='bbox 1098 969 1201 997; x_wconf 76' lang='lat' dir='ltr'>vers.</span> <span class='ocrx_word' id='word_1_190' title='bbox 1227 955 1296 996; x_wconf 83' lang='lat'>21.</span> <span class='ocrx_word' id='word_1_191' title='bbox 1316 954 1384 995; x_wconf 89' lang='grc'>22.</span> <span class='ocrx_word' id='word_1_192' title='bbox 1407 952 1447 995; x_wconf 60' lang='grc' dir='ltr'>ἃ</span> <span class='ocrx_word' id='word_1_193' title='bbox 1468 953 1533 994; x_wconf 89' lang='grc'>17.</span> <span class='ocrx_word' id='word_1_194' title='bbox 1551 967 1654 995; x_wconf 81' lang='lat' dir='ltr'>vers.</span> <span class='ocrx_word' id='word_1_195' title='bbox 1680 953 1747 994; x_wconf 92' lang='grc'>11.</span> <span class='ocrx_word' id='word_1_196' title='bbox 1765 968 1849 994; x_wconf 84' lang='grc'><strong>11011</strong></span> <span class='ocrx_word' id='word_1_197' title='bbox 1866 953 2034 1008; x_wconf 69' lang='lat' dir='ltr'>proprie</span> <span class='ocrx_word' id='word_1_198' title='bbox 2057 955 2210 1009; x_wconf 86' lang='lat' dir='ltr'>(neque</span> 
     </span>
     <span class='ocr_line' id='line_1_15' title="bbox 259 1012 2210 1068; baseline 0 -14"><span class='ocrx_word' id='word_1_199' title='bbox 259 1012 371 1054; x_wconf 91' lang='lat' dir='ltr'>enim</span> <span class='ocrx_word' id='word_1_200' title='bbox 407 1012 486 1053; x_wconf 92' lang='lat' dir='ltr'>hoc</span> <span class='ocrx_word' id='word_1_201' title='bbox 517 1013 792 1066; x_wconf 87' lang='lat' dir='ltr'>praestabant</span> <span class='ocrx_word' id='word_1_202' title='bbox 825 1015 899 1053; x_wconf 89' lang='lat' dir='ltr'>aut</span> <span class='ocrx_word' id='word_1_203' title='bbox 930 1016 1145 1067; x_wconf 88' lang='lat' dir='ltr'>praestare</span> <span class='ocrx_word' id='word_1_204' title='bbox 1177 1014 1374 1068; x_wconf 88' lang='lat' dir='ltr'>poterant</span> <span class='ocrx_word' id='word_1_205' title='bbox 1400 1012 1521 1054; x_wconf 81' lang='lat' dir='ltr'>Hebr.</span> <span class='ocrx_word' id='word_1_206' title='bbox 1548 1013 1615 1054; x_wconf 86' lang='lat'>10.</span> <span class='ocrx_word' id='word_1_207' title='bbox 1641 1013 1678 1053; x_wconf 87' lang='lat'>1.</span> <span class='ocrx_word' id='word_1_208' title='bbox 1700 1012 1739 1053; x_wconf 90' lang='grc'>2.</span> <span class='ocrx_word' id='word_1_209' title='bbox 1760 1012 1817 1066; x_wconf 87' lang='grc'>3.)</span> <span class='ocrx_word' id='word_1_210' title='bbox 1836 1013 1907 1054; x_wconf 88' lang='lat' dir='ltr'>sed</span> <span class='ocrx_word' id='word_1_211' title='bbox 1930 1013 2158 1067; x_wconf 72' lang='lat' dir='ltr'>symbolice</span> <span class='ocrx_word' id='word_1_212' title='bbox 2181 1014 2210 1055; x_wconf 90' lang='grc'>81</span> 
     </span>
     <span class='ocr_line' id='line_1_16' title="bbox 257 1071 2207 1128; baseline 0.001 -16"><span class='ocrx_word' id='word_1_213' title='bbox 257 1072 410 1126; x_wconf 79' lang='lat' dir='ltr'>typice,</span> <span class='ocrx_word' id='word_1_214' title='bbox 429 1074 637 1125; x_wconf 90' lang='lat' dir='ltr'>quatenus</span> <span class='ocrx_word' id='word_1_215' title='bbox 660 1072 748 1114; x_wconf 89' lang='lat' dir='ltr'>scil.</span> <span class='ocrx_word' id='word_1_216' title='bbox 771 1072 1083 1113; x_wconf 86' lang='lat' dir='ltr'>adumbrabant</span> <span class='ocrx_word' id='word_1_217' title='bbox 1100 1073 1129 1115; x_wconf 84' lang='grc'>81</span> <span class='ocrx_word' id='word_1_218' title='bbox 1147 1072 1391 1128; x_wconf 81' lang='lat' dir='ltr'>figurabant</span> <span class='ocrx_word' id='word_1_219' title='bbox 1415 1071 1632 1113; x_wconf 81' lang='lat' dir='ltr'>Christum</span> <span class='ocrx_word' id='word_1_220' title='bbox 1657 1072 1807 1113; x_wconf 80' lang='lat' dir='ltr'>Coloss.</span> <span class='ocrx_word' id='word_1_221' title='bbox 1841 1072 1880 1112; x_wconf 87' lang='lat'>2.</span> <span class='ocrx_word' id='word_1_222' title='bbox 1913 1072 2033 1113; x_wconf 74' lang='lat' dir='ltr'>Hebr.</span> <span class='ocrx_word' id='word_1_223' title='bbox 2049 1071 2087 1114; x_wconf 93' lang='lat'><strong>7.</strong></span> <span class='ocrx_word' id='word_1_224' title='bbox 2110 1071 2151 1113; x_wconf 66' lang='lat' dir='ltr'>a</span> <span class='ocrx_word' id='word_1_225' title='bbox 2170 1074 2207 1113; x_wconf 81' lang='grc'>8.</span> 
     </span>
     <span class='ocr_line' id='line_1_17' title="bbox 262 1129 2209 1199; baseline 0 -28"><span class='ocrx_word' id='word_1_226' title='bbox 262 1129 303 1171; x_wconf 70' lang='grc' dir='ltr'>ἃ·</span> <span class='ocrx_word' id='word_1_227' title='bbox 335 1131 373 1172; x_wconf 94' lang='grc'>0.</span> <span class='ocrx_word' id='word_1_228' title='bbox 416 1129 457 1172; x_wconf 69' lang='grc' dir='ltr'>ἃ·</span> <span class='ocrx_word' id='word_1_229' title='bbox 491 1131 557 1171; x_wconf 93' lang='grc'>10.</span> <span class='ocrx_word' id='word_1_230' title='bbox 591 1130 707 1186; x_wconf 82' lang='lat' dir='ltr'>Ergo</span> <span class='ocrx_word' id='word_1_231' title='bbox 739 1131 783 1171; x_wconf 90' lang='lat' dir='ltr'>in</span> <span class='ocrx_word' id='word_1_232' title='bbox 815 1130 984 1172; x_wconf 83' lang='lat' dir='ltr'>Christo</span> <span class='ocrx_word' id='word_1_233' title='bbox 1001 1131 1084 1173; x_wconf 88' lang='lat' dir='ltr'>fuit</span> <span class='ocrx_word' id='word_1_234' title='bbox 1106 1147 1255 1186; x_wconf 88' lang='lat' dir='ltr'>corpus</span> <span class='ocrx_word' id='word_1_235' title='bbox 1273 1130 1539 1182; x_wconf 83' lang='grc'><strong>30111111,811’11</strong></span> <span class='ocrx_word' id='word_1_236' title='bbox 1558 1145 1606 1172; x_wconf 89' lang='grc'>30</span> <span class='ocrx_word' id='word_1_237' title='bbox 1628 1145 1724 1171; x_wconf 90' lang='lat' dir='ltr'>vere</span> <span class='ocrx_word' id='word_1_238' title='bbox 1746 1130 1968 1199; x_wconf 87' lang='lat' dir='ltr'>impletum</span> <span class='ocrx_word' id='word_1_239' title='bbox 1985 1130 2081 1182; x_wconf 91' lang='lat' dir='ltr'>fuit,</span> <span class='ocrx_word' id='word_1_240' title='bbox 2100 1131 2209 1185; x_wconf 83' lang='lat' dir='ltr'>quod</span> 
     </span>
     <span class='ocr_line' id='line_1_18' title="bbox 257 1188 2208 1266; baseline 0 -36"><span class='ocrx_word' id='word_1_241' title='bbox 257 1189 318 1231; x_wconf 89' lang='lat' dir='ltr'>ibi</span> <span class='ocrx_word' id='word_1_242' title='bbox 334 1189 682 1266; x_wconf 80' lang='lat' dir='ltr'>piaefiguratum.</span> <span class='ocrx_word' id='word_1_243' title='bbox 701 1189 754 1232; x_wconf 94' lang='lat' dir='ltr'><strong>V</strong></span> <span class='ocrx_word' id='word_1_244' title='bbox 779 1190 930 1232; x_wconf 79' lang='lat' dir='ltr'>Classis</span> <span class='ocrx_word' id='word_1_245' title='bbox 947 1190 1142 1246; x_wconf 82' lang='lat' dir='ltr'>signatur</span> <span class='ocrx_word' id='word_1_246' title='bbox 1158 1206 1256 1233; x_wconf 89' lang='lat' dir='ltr'>voce</span> <span class='ocrx_word' id='word_1_247' title='bbox 1280 1190 1478 1244; x_wconf 66' lang='lat' dir='ltr'>Sponsoo.</span> <span class='ocrx_word' id='word_1_248' title='bbox 1512 1189 1607 1231; x_wconf 89' lang='lat' dir='ltr'>Huc</span> <span class='ocrx_word' id='word_1_249' title='bbox 1625 1189 1735 1230; x_wconf 85' lang='lat' dir='ltr'>refer</span> <span class='ocrx_word' id='word_1_250' title='bbox 1757 1190 1896 1244; x_wconf 75' lang='lat' dir='ltr'>primo</span> <span class='ocrx_word' id='word_1_251' title='bbox 1913 1188 2036 1238; x_wconf 68' lang='grc' dir='ltr'>ἔγγω</span> <span class='ocrx_word' id='word_1_252' title='bbox 2040 1204 2060 1234; x_wconf 77' lang='grc' dir='ltr'><em>ς</em></span> <span class='ocrx_word' id='word_1_253' title='bbox 2084 1190 2208 1233; x_wconf 81' lang='lat' dir='ltr'><strong>Hebr.</strong></span> 
     </span>
     <span class='ocr_line' id='line_1_19' title="bbox 258 1271 2208 1362; baseline 0.001 -15"><span class='ocrx_word' id='word_1_254' title='bbox 258 1308 347 1349; x_wconf 84' lang='grc'><strong>1030</strong></span> <span class='ocrx_word' id='word_1_255' title='bbox 382 1281 538 1359; x_wconf 80' lang='lat' dir='ltr'>nostro,</span> <span class='ocrx_word' id='word_1_256' title='bbox 572 1282 728 1362; x_wconf 89' lang='lat' dir='ltr'>quippe</span> <span class='ocrx_word' id='word_1_257' title='bbox 760 1308 881 1349; x_wconf 87' lang='lat' dir='ltr'>nobis</span> <span class='ocrx_word' id='word_1_258' title='bbox 914 1309 1193 1350; x_wconf 88' lang='lat' dir='ltr'>substitutus:</span> <span class='ocrx_word' id='word_1_259' title='bbox 1232 1309 1276 1349; x_wconf 91' lang='lat' dir='ltr'>in</span> <span class='ocrx_word' id='word_1_260' title='bbox 1298 1280 1421 1349; x_wconf 82' lang='lat' dir='ltr'>illum</span> <span class='ocrx_word' id='word_1_261' title='bbox 1444 1307 1556 1349; x_wconf 91' lang='lat' dir='ltr'>enim</span> <span class='ocrx_word' id='word_1_262' title='bbox 1558 1271 1781 1348; x_wconf 70' lang='lat' dir='ltr'>translata</span> <span class='ocrx_word' id='word_1_263' title='bbox 1804 1308 1833 1350; x_wconf 97' lang='grc'>81</span> <span class='ocrx_word' id='word_1_264' title='bbox 1850 1307 2049 1362; x_wconf 87' lang='lat' dir='ltr'>imposita</span> <span class='ocrx_word' id='word_1_265' title='bbox 2065 1311 2208 1349; x_wconf 89' lang='lat' dir='ltr'>nostra</span> 
     </span>
     <span class='ocr_line' id='line_1_20' title="bbox 258 1366 2207 1421; baseline 0 -13"><span class='ocrx_word' id='word_1_266' title='bbox 258 1369 430 1420; x_wconf 87' lang='lat' dir='ltr'>peccata</span> <span class='ocrx_word' id='word_1_267' title='bbox 463 1367 493 1408; x_wconf 84' lang='grc'>81</span> <span class='ocrx_word' id='word_1_268' title='bbox 523 1381 681 1420; x_wconf 85' lang='lat' dir='ltr'>poenae</span> <span class='ocrx_word' id='word_1_269' title='bbox 709 1366 890 1421; x_wconf 90' lang='lat' dir='ltr'>peccatis</span> <span class='ocrx_word' id='word_1_270' title='bbox 908 1368 1062 1409; x_wconf 85' lang='lat' dir='ltr'>nostris</span> <span class='ocrx_word' id='word_1_271' title='bbox 1080 1368 1246 1409; x_wconf 87' lang='lat' dir='ltr'>debitae</span> <span class='ocrx_word' id='word_1_272' title='bbox 1263 1368 1366 1409; x_wconf 79' lang='lat' dir='ltr'>Jesa.</span> <span class='ocrx_word' id='word_1_273' title='bbox 1387 1368 1456 1408; x_wconf 83' lang='lat'>53.</span> <span class='ocrx_word' id='word_1_274' title='bbox 1474 1366 1569 1420; x_wconf 89' lang='lat' dir='ltr'>Ipse</span> <span class='ocrx_word' id='word_1_275' title='bbox 1587 1366 1723 1408; x_wconf 85' lang='lat' dir='ltr'>factus</span> <span class='ocrx_word' id='word_1_276' title='bbox 1747 1368 1811 1407; x_wconf 90' lang='lat' dir='ltr'>est</span> <span class='ocrx_word' id='word_1_277' title='bbox 1827 1382 1903 1421; x_wconf 90' lang='lat' dir='ltr'>pro</span> <span class='ocrx_word' id='word_1_278' title='bbox 1921 1367 2041 1408; x_wconf 88' lang='lat' dir='ltr'>nobis</span> <span class='ocrx_word' id='word_1_279' title='bbox 2061 1382 2207 1421; x_wconf 85' lang='lat' dir='ltr'>pecca-</span> 
     </span>
     <span class='ocr_line' id='line_1_21' title="bbox 257 1425 2206 1480; baseline 0 -14"><span class='ocrx_word' id='word_1_280' title='bbox 257 1429 349 1466; x_wconf 88' lang='lat' dir='ltr'>tum</span> <span class='ocrx_word' id='word_1_281' title='bbox 376 1427 404 1468; x_wconf 82' lang='lat'>&amp;</span> <span class='ocrx_word' id='word_1_282' title='bbox 442 1425 697 1475; x_wconf 74' lang='lat' dir='ltr'>maledictio,</span> <span class='ocrx_word' id='word_1_283' title='bbox 732 1427 755 1466; x_wconf 92' lang='lat'><strong>2</strong></span> <span class='ocrx_word' id='word_1_284' title='bbox 783 1425 966 1468; x_wconf 74' lang='lat' dir='ltr'>Corinth.</span> <span class='ocrx_word' id='word_1_285' title='bbox 1003 1427 1041 1467; x_wconf 88' lang='lat'>5.</span> <span class='ocrx_word' id='word_1_286' title='bbox 1077 1428 1146 1469; x_wconf 93' lang='grc'>21.</span> <span class='ocrx_word' id='word_1_287' title='bbox 1168 1428 1257 1470; x_wconf 80' lang='lat' dir='ltr'>Gal.</span> <span class='ocrx_word' id='word_1_288' title='bbox 1277 1427 1316 1467; x_wconf 89' lang='grc'>3.</span> <span class='ocrx_word' id='word_1_289' title='bbox 1338 1426 1405 1468; x_wconf 85' lang='grc'>13.</span> <span class='ocrx_word' id='word_1_290' title='bbox 1423 1425 1519 1480; x_wconf 80' lang='lat' dir='ltr'>lpse</span> <span class='ocrx_word' id='word_1_291' title='bbox 1542 1425 1585 1466; x_wconf 88' lang='lat' dir='ltr'>in</span> <span class='ocrx_word' id='word_1_292' title='bbox 1608 1440 1651 1466; x_wconf 91' lang='lat' dir='ltr'>se</span> <span class='ocrx_word' id='word_1_293' title='bbox 1675 1425 1870 1479; x_wconf 86' lang='lat' dir='ltr'>suscepit,</span> <span class='ocrx_word' id='word_1_294' title='bbox 1889 1426 2074 1477; x_wconf 87' lang='lat' dir='ltr'>sustulit,</span> <span class='ocrx_word' id='word_1_295' title='bbox 2092 1426 2206 1477; x_wconf 88' lang='lat' dir='ltr'>tulit,</span> 
     </span>
     <span class='ocr_line' id='line_1_22' title="bbox 256 1483 2207 1539; baseline 0.001 -14"><span class='ocrx_word' id='word_1_296' title='bbox 256 1485 477 1538; x_wconf 83' lang='lat' dir='ltr'>bajulavit,</span> <span class='ocrx_word' id='word_1_297' title='bbox 510 1485 615 1526; x_wconf 75' lang='lat' dir='ltr'>lesa.</span> <span class='ocrx_word' id='word_1_298' title='bbox 650 1485 718 1527; x_wconf 88' lang='grc'>53.</span> <span class='ocrx_word' id='word_1_299' title='bbox 752 1485 791 1526; x_wconf 89' lang='grc'>4.</span> <span class='ocrx_word' id='word_1_300' title='bbox 827 1485 866 1526; x_wconf 90' lang='grc'>5.</span> <span class='ocrx_word' id='word_1_301' title='bbox 904 1486 941 1526; x_wconf 95' lang='grc'>1.</span> <span class='ocrx_word' id='word_1_302' title='bbox 975 1486 1087 1529; x_wconf 74' lang='lat' dir='ltr'>Petr.</span> <span class='ocrx_word' id='word_1_303' title='bbox 1122 1488 1162 1528; x_wconf 90' lang='lat'>2.</span> <span class='ocrx_word' id='word_1_304' title='bbox 1181 1486 1250 1527; x_wconf 88' lang='grc'>24.</span> <span class='ocrx_word' id='word_1_305' title='bbox 1269 1485 1390 1527; x_wconf 74' lang='lat' dir='ltr'><strong>Hebr.</strong></span> <span class='ocrx_word' id='word_1_306' title='bbox 1416 1485 1455 1525; x_wconf 88' lang='grc'>0.</span> <span class='ocrx_word' id='word_1_307' title='bbox 1476 1485 1543 1528; x_wconf 92' lang='grc'>28.</span> <span class='ocrx_word' id='word_1_308' title='bbox 1561 1483 1657 1538; x_wconf 87' lang='lat' dir='ltr'>Ipse</span> <span class='ocrx_word' id='word_1_309' title='bbox 1675 1487 1845 1526; x_wconf 86' lang='lat' dir='ltr'>exactus</span> <span class='ocrx_word' id='word_1_310' title='bbox 1867 1484 1962 1537; x_wconf 85' lang='lat' dir='ltr'>fuit,</span> <span class='ocrx_word' id='word_1_311' title='bbox 1985 1499 2207 1539; x_wconf 84' lang='lat' dir='ltr'>percussus</span> 
     </span>
     <span class='ocr_line' id='line_1_23' title="bbox 257 1543 2205 1598; baseline 0.001 -14"><span class='ocrx_word' id='word_1_312' title='bbox 257 1547 429 1597; x_wconf 87' lang='lat' dir='ltr'>propter</span> <span class='ocrx_word' id='word_1_313' title='bbox 459 1546 631 1598; x_wconf 88' lang='lat' dir='ltr'>peccata</span> <span class='ocrx_word' id='word_1_314' title='bbox 662 1559 735 1585; x_wconf 90' lang='lat' dir='ltr'>seu</span> <span class='ocrx_word' id='word_1_315' title='bbox 768 1544 909 1585; x_wconf 89' lang='lat' dir='ltr'>debita</span> <span class='ocrx_word' id='word_1_316' title='bbox 941 1547 1099 1598; x_wconf 84' lang='lat' dir='ltr'>nostra,</span> <span class='ocrx_word' id='word_1_317' title='bbox 1132 1546 1211 1587; x_wconf 89' lang='lat' dir='ltr'>luit</span> <span class='ocrx_word' id='word_1_318' title='bbox 1242 1559 1397 1598; x_wconf 87' lang='lat' dir='ltr'>poenas</span> <span class='ocrx_word' id='word_1_319' title='bbox 1426 1546 1604 1593; x_wconf 85' lang='lat' dir='ltr'>nostras,</span> <span class='ocrx_word' id='word_1_320' title='bbox 1624 1543 1749 1584; x_wconf 89' lang='lat' dir='ltr'>solvit</span> <span class='ocrx_word' id='word_1_321' title='bbox 1767 1544 1878 1598; x_wconf 88' lang='lat' dir='ltr'>quod</span> <span class='ocrx_word' id='word_1_322' title='bbox 1894 1559 1977 1585; x_wconf 91' lang='lat' dir='ltr'>non</span> <span class='ocrx_word' id='word_1_323' title='bbox 1994 1547 2205 1598; x_wconf 83' lang='lat' dir='ltr'>rapuerat,</span> 
     </span>
     <span class='ocr_line' id='line_1_24' title="bbox 255 1602 2205 1657; baseline 0.001 -14"><span class='ocrx_word' id='word_1_324' title='bbox 255 1603 366 1645; x_wconf 70' lang='lat' dir='ltr'>desa.</span> <span class='ocrx_word' id='word_1_325' title='bbox 389 1603 457 1644; x_wconf 83' lang='lat'>53.</span> <span class='ocrx_word' id='word_1_326' title='bbox 483 1603 521 1642; x_wconf 86' lang='grc'>4.</span> <span class='ocrx_word' id='word_1_327' title='bbox 542 1602 582 1643; x_wconf 91' lang='grc'>5.</span> <span class='ocrx_word' id='word_1_328' title='bbox 601 1604 757 1645; x_wconf 80' lang='lat' dir='ltr'>Psalm.</span> <span class='ocrx_word' id='word_1_329' title='bbox 784 1603 851 1644; x_wconf 84' lang='grc'>69.</span> <span class='ocrx_word' id='word_1_330' title='bbox 872 1604 910 1644; x_wconf 87' lang='grc'>5.</span> <span class='ocrx_word' id='word_1_331' title='bbox 928 1603 985 1644; x_wconf 85' lang='lat' dir='ltr'>Et</span> <span class='ocrx_word' id='word_1_332' title='bbox 1002 1603 1061 1646; x_wconf 85' lang='lat' dir='ltr'>sic</span> <span class='ocrx_word' id='word_1_333' title='bbox 1079 1605 1256 1646; x_wconf 81' lang='lat' dir='ltr'>abstulit</span> <span class='ocrx_word' id='word_1_334' title='bbox 1280 1606 1449 1657; x_wconf 65' lang='lat' dir='ltr'>peccate.</span> <span class='ocrx_word' id='word_1_335' title='bbox 1469 1604 1628 1653; x_wconf 89' lang='lat' dir='ltr'>nostra,</span> <span class='ocrx_word' id='word_1_336' title='bbox 1650 1616 1809 1656; x_wconf 86' lang='lat' dir='ltr'>nosque</span> <span class='ocrx_word' id='word_1_337' title='bbox 1833 1605 1857 1643; x_wconf 81' lang='grc'>3</span> <span class='ocrx_word' id='word_1_338' title='bbox 1887 1603 2032 1657; x_wconf 89' lang='lat' dir='ltr'>poenis</span> <span class='ocrx_word' id='word_1_339' title='bbox 2051 1603 2205 1644; x_wconf 90' lang='lat' dir='ltr'>immu-</span> 
     </span>
     <span class='ocr_line' id='line_1_25' title="bbox 256 1660 2205 1718; baseline 0 -16"><span class='ocrx_word' id='word_1_340' title='bbox 256 1677 329 1703; x_wconf 86' lang='lat' dir='ltr'>nes</span> <span class='ocrx_word' id='word_1_341' title='bbox 347 1661 573 1715; x_wconf 87' lang='lat' dir='ltr'>praestitit,</span> <span class='ocrx_word' id='word_1_342' title='bbox 588 1664 814 1716; x_wconf 87' lang='lat' dir='ltr'>utrumque</span> <span class='ocrx_word' id='word_1_343' title='bbox 827 1662 987 1703; x_wconf 87' lang='lat' dir='ltr'>malum</span> <span class='ocrx_word' id='word_1_344' title='bbox 999 1664 1028 1704; x_wconf 84' lang='grc'>81</span> <span class='ocrx_word' id='word_1_345' title='bbox 1045 1665 1193 1718; x_wconf 88' lang='lat' dir='ltr'>culpae</span> <span class='ocrx_word' id='word_1_346' title='bbox 1213 1666 1241 1707; x_wconf 85' lang='lat'>&amp;</span> <span class='ocrx_word' id='word_1_347' title='bbox 1263 1677 1421 1716; x_wconf 88' lang='lat' dir='ltr'>poenae</span> <span class='ocrx_word' id='word_1_348' title='bbox 1439 1660 1627 1708; x_wconf 56' lang='grc' dir='ltr'>ἀθέτησε,</span> <span class='ocrx_word' id='word_1_349' title='bbox 1650 1663 1892 1709; x_wconf 59' lang='grc' dir='ltr'>κατήργησε,</span> <span class='ocrx_word' id='word_1_350' title='bbox 1914 1662 2134 1714; x_wconf 84' lang='lat' dir='ltr'>destruxit,</span> <span class='ocrx_word' id='word_1_351' title='bbox 2153 1662 2205 1703; x_wconf 88' lang='lat' dir='ltr'>ab</span> 
     </span>
     <span class='ocr_line' id='line_1_26' title="bbox 257 1720 2204 1775; baseline 0.002 -14"><span class='ocrx_word' id='word_1_352' title='bbox 257 1723 433 1774; x_wconf 86' lang='lat' dir='ltr'>utroque</span> <span class='ocrx_word' id='word_1_353' title='bbox 456 1735 530 1761; x_wconf 85' lang='lat' dir='ltr'>nos</span> <span class='ocrx_word' id='word_1_354' title='bbox 548 1720 760 1775; x_wconf 80' lang='lat' dir='ltr'>purgavit,</span> <span class='ocrx_word' id='word_1_355' title='bbox 783 1721 993 1772; x_wconf 85' lang='lat' dir='ltr'>liberavit,</span> <span class='ocrx_word' id='word_1_356' title='bbox 1016 1726 1255 1762; x_wconf 73' lang='grc' dir='ltr'><em>τετελείωκεν</em></span> <span class='ocrx_word' id='word_1_357' title='bbox 1276 1720 1341 1763; x_wconf 77' lang='grc'><strong>813.</strong></span> <span class='ocrx_word' id='word_1_358' title='bbox 1369 1722 1458 1763; x_wconf 80' lang='lat' dir='ltr'>Gal.</span> <span class='ocrx_word' id='word_1_359' title='bbox 1482 1721 1518 1761; x_wconf 92' lang='grc'>1.</span> <span class='ocrx_word' id='word_1_360' title='bbox 1539 1724 1577 1763; x_wconf 82' lang='grc'>4.</span> <span class='ocrx_word' id='word_1_361' title='bbox 1596 1721 1719 1762; x_wconf 77' lang='lat' dir='ltr'><strong>chr.</strong></span> <span class='ocrx_word' id='word_1_362' title='bbox 1734 1721 1769 1761; x_wconf 85' lang='lat'>9.</span> <span class='ocrx_word' id='word_1_363' title='bbox 1788 1721 1856 1762; x_wconf 85' lang='grc'>26.</span> <span class='ocrx_word' id='word_1_364' title='bbox 1876 1720 1916 1763; x_wconf 69' lang='grc'><strong>001·</strong></span> <span class='ocrx_word' id='word_1_365' title='bbox 1933 1723 1971 1763; x_wconf 94' lang='grc'>2.</span> <span class='ocrx_word' id='word_1_366' title='bbox 1994 1722 2059 1762; x_wconf 88' lang='grc'>14.</span> <span class='ocrx_word' id='word_1_367' title='bbox 2079 1721 2120 1764; x_wconf 67' lang='grc' dir='ltr'>ἃ·</span> <span class='ocrx_word' id='word_1_368' title='bbox 2139 1721 2204 1764; x_wconf 89' lang='grc'>10.</span> 
     </span>
     <span class='ocr_line' id='line_1_27' title="bbox 261 1777 2205 1835; baseline 0.001 -16"><span class='ocrx_word' id='word_1_369' title='bbox 261 1781 325 1820; x_wconf 87' lang='grc'>14.</span> <span class='ocrx_word' id='word_1_370' title='bbox 361 1781 512 1822; x_wconf 83' lang='lat' dir='ltr'>Coloss.</span> <span class='ocrx_word' id='word_1_371' title='bbox 543 1780 581 1820; x_wconf 90' lang='lat'>2.</span> <span class='ocrx_word' id='word_1_372' title='bbox 620 1779 686 1820; x_wconf 83' lang='lat'>14.</span> <span class='ocrx_word' id='word_1_373' title='bbox 709 1779 745 1820; x_wconf 93' lang='grc'>1.</span> <span class='ocrx_word' id='word_1_374' title='bbox 768 1780 834 1821; x_wconf 91' lang='grc'>10.</span> <span class='ocrx_word' id='word_1_375' title='bbox 867 1781 958 1821; x_wconf 81' lang='lat' dir='ltr'>Jesa</span> <span class='ocrx_word' id='word_1_376' title='bbox 991 1777 1059 1821; x_wconf 84' lang='lat'>53.</span> <span class='ocrx_word' id='word_1_377' title='bbox 1083 1777 1119 1817; x_wconf 91' lang='grc'>1.</span> <span class='ocrx_word' id='word_1_378' title='bbox 1137 1778 1316 1821; x_wconf 74' lang='lat' dir='ltr'>Johann.</span> <span class='ocrx_word' id='word_1_379' title='bbox 1337 1781 1376 1821; x_wconf 88' lang='grc'>3.</span> <span class='ocrx_word' id='word_1_380' title='bbox 1396 1781 1434 1821; x_wconf 94' lang='grc'>8.</span> <span class='ocrx_word' id='word_1_381' title='bbox 1460 1779 1604 1828; x_wconf 76' lang='lat' dir='ltr'>Tertio,</span> <span class='ocrx_word' id='word_1_382' title='bbox 1629 1779 1747 1828; x_wconf 79' lang='lat' dir='ltr'>Quod</span> <span class='ocrx_word' id='word_1_383' title='bbox 1769 1794 1913 1821; x_wconf 90' lang='lat' dir='ltr'>omnes</span> <span class='ocrx_word' id='word_1_384' title='bbox 1931 1795 2085 1834; x_wconf 88' lang='lat' dir='ltr'>poenas</span> <span class='ocrx_word' id='word_1_385' title='bbox 2109 1794 2205 1835; x_wconf 92' lang='lat' dir='ltr'>pec-</span> 
     </span>
     <span class='ocr_line' id='line_1_28' title="bbox 259 1838 2204 1893; baseline 0.001 -14"><span class='ocrx_word' id='word_1_386' title='bbox 259 1838 362 1880; x_wconf 87' lang='lat' dir='ltr'>catis</span> <span class='ocrx_word' id='word_1_387' title='bbox 395 1838 548 1879; x_wconf 88' lang='lat' dir='ltr'>nostris</span> <span class='ocrx_word' id='word_1_388' title='bbox 567 1838 730 1879; x_wconf 87' lang='lat' dir='ltr'>debitas</span> <span class='ocrx_word' id='word_1_389' title='bbox 748 1839 800 1879; x_wconf 85' lang='lat' dir='ltr'>ad</span> <span class='ocrx_word' id='word_1_390' title='bbox 822 1838 1021 1880; x_wconf 89' lang='lat' dir='ltr'>ultimum</span> <span class='ocrx_word' id='word_1_391' title='bbox 1049 1851 1181 1890; x_wconf 86' lang='lat' dir='ltr'>usque</span> <span class='ocrx_word' id='word_1_392' title='bbox 1198 1840 1476 1892; x_wconf 85' lang='lat' dir='ltr'>quadrantem</span> <span class='ocrx_word' id='word_1_393' title='bbox 1498 1838 1527 1880; x_wconf 89' lang='grc'>81</span> <span class='ocrx_word' id='word_1_394' title='bbox 1543 1839 1587 1879; x_wconf 88' lang='grc'>111</span> <span class='ocrx_word' id='word_1_395' title='bbox 1610 1838 1751 1879; x_wconf 86' lang='grc'><strong>31111113</strong></span> <span class='ocrx_word' id='word_1_396' title='bbox 1769 1839 1798 1880; x_wconf 88' lang='grc'>81</span> <span class='ocrx_word' id='word_1_397' title='bbox 1815 1839 1858 1879; x_wconf 90' lang='grc'>111</span> <span class='ocrx_word' id='word_1_398' title='bbox 1875 1854 2045 1893; x_wconf 88' lang='lat' dir='ltr'>corpore</span> <span class='ocrx_word' id='word_1_399' title='bbox 2064 1839 2204 1881; x_wconf 89' lang='lat' dir='ltr'>luerit.</span> 
     </span>
     <span class='ocr_line' id='line_1_29' title="bbox 259 1896 2202 1953; baseline 0.001 -15"><span class='ocrx_word' id='word_1_400' title='bbox 259 1897 367 1939; x_wconf 92' lang='lat' dir='ltr'>Vide</span> <span class='ocrx_word' id='word_1_401' title='bbox 393 1897 472 1940; x_wconf 87' lang='lat' dir='ltr'>hoc</span> <span class='ocrx_word' id='word_1_402' title='bbox 503 1912 577 1951; x_wconf 87' lang='lat' dir='ltr'>per</span> <span class='ocrx_word' id='word_1_403' title='bbox 599 1900 740 1951; x_wconf 89' lang='lat' dir='ltr'>partes</span> <span class='ocrx_word' id='word_1_404' title='bbox 768 1897 1081 1939; x_wconf 79' lang='lat' dir='ltr'>accuratissime</span> <span class='ocrx_word' id='word_1_405' title='bbox 1119 1896 1377 1939; x_wconf 86' lang='lat' dir='ltr'>delineatum</span> <span class='ocrx_word' id='word_1_406' title='bbox 1409 1898 1460 1939; x_wconf 88' lang='lat' dir='ltr'>ab</span> <span class='ocrx_word' id='word_1_407' title='bbox 1479 1898 1640 1940; x_wconf 76' lang='lat' dir='ltr'>Amesio</span> <span class='ocrx_word' id='word_1_408' title='bbox 1659 1898 1725 1939; x_wconf 76' lang='lat' dir='ltr'><strong>lib.</strong></span> <span class='ocrx_word' id='word_1_409' title='bbox 1748 1899 1784 1938; x_wconf 91' lang='lat'>1.</span> <span class='ocrx_word' id='word_1_410' title='bbox 1805 1898 2009 1940; x_wconf 66' lang='lat' dir='ltr'>Medullae</span> <span class='ocrx_word' id='word_1_411' title='bbox 2025 1913 2114 1953; x_wconf 78' lang='lat' dir='ltr'>cap.</span> <span class='ocrx_word' id='word_1_412' title='bbox 2134 1899 2202 1940; x_wconf 85' lang='lat'>22.</span> 
     </span>
     <span class='ocr_line' id='line_1_30' title="bbox 257 1953 2204 2012; baseline 0.001 -15"><span class='ocrx_word' id='word_1_413' title='bbox 257 1956 315 1998; x_wconf 89' lang='lat' dir='ltr'>Et</span> <span class='ocrx_word' id='word_1_414' title='bbox 346 1956 488 1998; x_wconf 88' lang='lat' dir='ltr'>confer</span> <span class='ocrx_word' id='word_1_415' title='bbox 519 1956 638 2011; x_wconf 74' lang='lat' dir='ltr'>Disp.</span> <span class='ocrx_word' id='word_1_416' title='bbox 665 1964 852 1998; x_wconf 72' lang='lat' dir='ltr'>nostram</span> <span class='ocrx_word' id='word_1_417' title='bbox 870 1957 919 1998; x_wconf 82' lang='lat' dir='ltr'>de</span> <span class='ocrx_word' id='word_1_418' title='bbox 939 1956 1100 2011; x_wconf 69' lang='lat' dir='ltr'>Ayoma</span> <span class='ocrx_word' id='word_1_419' title='bbox 1122 1953 1286 2008; x_wconf 70' lang='lat' dir='ltr'>Christi,</span> <span class='ocrx_word' id='word_1_420' title='bbox 1301 1957 1340 2000; x_wconf 70' lang='lat'>8:</span> <span class='ocrx_word' id='word_1_421' title='bbox 1357 1957 1552 1999; x_wconf 82' lang='lat' dir='ltr'>Maccovii</span> <span class='ocrx_word' id='word_1_422' title='bbox 1567 1956 1887 1999; x_wconf 67' lang='lat' dir='ltr'>Anti-Socinwm</span> <span class='ocrx_word' id='word_1_423' title='bbox 1905 1971 1993 2012; x_wconf 77' lang='lat' dir='ltr'>cap.</span> <span class='ocrx_word' id='word_1_424' title='bbox 2014 1958 2051 1999; x_wconf 91' lang='grc'>7.</span> <span class='ocrx_word' id='word_1_425' title='bbox 2071 1957 2204 2012; x_wconf 86' lang='lat' dir='ltr'>Atqui</span> 
     </span>
     <span class='ocr_line' id='line_1_31' title="bbox 258 2015 2203 2070; baseline 0.001 -15"><span class='ocrx_word' id='word_1_426' title='bbox 258 2015 337 2056; x_wconf 88' lang='grc'><strong>1103</strong></span> <span class='ocrx_word' id='word_1_427' title='bbox 368 2016 417 2056; x_wconf 87' lang='grc'>(13</span> <span class='ocrx_word' id='word_1_428' title='bbox 451 2015 671 2056; x_wconf 85' lang='lat' dir='ltr'>innocente</span> <span class='ocrx_word' id='word_1_429' title='bbox 709 2017 737 2058; x_wconf 85' lang='lat'>&amp;</span> <span class='ocrx_word' id='word_1_430' title='bbox 764 2016 879 2069; x_wconf 86' lang='lat' dir='ltr'>justo</span> <span class='ocrx_word' id='word_1_431' title='bbox 912 2015 993 2056; x_wconf 90' lang='lat' dir='ltr'>dici</span> <span class='ocrx_word' id='word_1_432' title='bbox 1029 2029 1112 2056; x_wconf 90' lang='lat' dir='ltr'>non</span> <span class='ocrx_word' id='word_1_433' title='bbox 1139 2018 1291 2067; x_wconf 90' lang='lat' dir='ltr'>potest,</span> <span class='ocrx_word' id='word_1_434' title='bbox 1313 2016 1396 2057; x_wconf 92' lang='lat' dir='ltr'>nisi</span> <span class='ocrx_word' id='word_1_435' title='bbox 1413 2015 1664 2070; x_wconf 82' lang='lat' dir='ltr'>Sponsorem</span> <span class='ocrx_word' id='word_1_436' title='bbox 1683 2030 1756 2057; x_wconf 91' lang='lat' dir='ltr'>seu</span> <span class='ocrx_word' id='word_1_437' title='bbox 1778 2016 1926 2057; x_wconf 88' lang='lat' dir='ltr'>vadem</span> <span class='ocrx_word' id='word_1_438' title='bbox 1948 2019 2139 2057; x_wconf 89' lang='lat' dir='ltr'>nostrum</span> <span class='ocrx_word' id='word_1_439' title='bbox 2160 2031 2203 2058; x_wconf 88' lang='lat' dir='ltr'>se</span> 
     </span>
     <span class='ocr_line' id='line_1_32' title="bbox 258 2073 2204 2130; baseline 0.002 -16"><span class='ocrx_word' id='word_1_440' title='bbox 258 2074 550 2127; x_wconf 83' lang='lat' dir='ltr'>praestitisset.</span> <span class='ocrx_word' id='word_1_441' title='bbox 584 2073 926 2129; x_wconf 78' lang='lat' dir='ltr'>Chirooraphum</span> <span class='ocrx_word' id='word_1_442' title='bbox 944 2073 1098 2115; x_wconf 84' lang='lat' dir='ltr'>delevit</span> <span class='ocrx_word' id='word_1_443' title='bbox 1120 2087 1167 2114; x_wconf 87' lang='lat' dir='ltr'>ac</span> <span class='ocrx_word' id='word_1_444' title='bbox 1190 2075 1210 2114; x_wconf 81' lang='grc'>3</span> <span class='ocrx_word' id='word_1_445' title='bbox 1228 2075 1365 2116; x_wconf 88' lang='lat' dir='ltr'>medio</span> <span class='ocrx_word' id='word_1_446' title='bbox 1383 2075 1567 2124; x_wconf 86' lang='lat' dir='ltr'>sustulit,</span> <span class='ocrx_word' id='word_1_447' title='bbox 1594 2075 1741 2116; x_wconf 82' lang='lat' dir='ltr'>Coloss.</span> <span class='ocrx_word' id='word_1_448' title='bbox 1762 2075 1800 2115; x_wconf 93' lang='grc'>2.</span> <span class='ocrx_word' id='word_1_449' title='bbox 1819 2088 1919 2116; x_wconf 75' lang='lat' dir='ltr'>vers.</span> <span class='ocrx_word' id='word_1_450' title='bbox 1947 2076 2013 2116; x_wconf 90' lang='grc'>12.</span> <span class='ocrx_word' id='word_1_451' title='bbox 2051 2074 2090 2117; x_wconf 63' lang='grc'>(9(</span> <span class='ocrx_word' id='word_1_452' title='bbox 2108 2090 2204 2130; x_wconf 89' lang='lat' dir='ltr'>pec-</span> 
     </span>
    </p>

    <p class='ocr_par' dir='ltr' id='par_1_3' title="bbox 257 2132 2205 2660">
     <span class='ocr_line' id='line_1_33' title="bbox 258 2132 2205 2189; baseline 0.001 -15"><span class='ocrx_word' id='word_1_453' title='bbox 258 2136 397 2174; x_wconf 87' lang='lat' dir='ltr'>catum</span> <span class='ocrx_word' id='word_1_454' title='bbox 430 2133 734 2184; x_wconf 88' lang='lat' dir='ltr'>condemnavit,</span> <span class='ocrx_word' id='word_1_455' title='bbox 768 2134 886 2176; x_wconf 84' lang='lat' dir='ltr'><strong>Rom.</strong></span> <span class='ocrx_word' id='word_1_456' title='bbox 921 2134 959 2174; x_wconf 91' lang='grc'>8.</span> <span class='ocrx_word' id='word_1_457' title='bbox 993 2134 1032 2174; x_wconf 89' lang='grc'>3.</span> <span class='ocrx_word' id='word_1_458' title='bbox 1067 2132 1106 2174; x_wconf 94' lang='grc'>4.</span> <span class='ocrx_word' id='word_1_459' title='bbox 1141 2132 1215 2174; x_wconf 83' lang='lat' dir='ltr'>VI.</span> <span class='ocrx_word' id='word_1_460' title='bbox 1248 2134 1398 2176; x_wconf 74' lang='lat' dir='ltr'>Classis</span> <span class='ocrx_word' id='word_1_461' title='bbox 1426 2134 1620 2189; x_wconf 84' lang='lat' dir='ltr'>signatui</span> <span class='ocrx_word' id='word_1_462' title='bbox 1638 2133 1841 2174; x_wconf 90' lang='lat' dir='ltr'>vocibus</span> <span class='ocrx_word' id='word_1_463' title='bbox 1817 2148 1895 2188; x_wconf 59' lang='grc' dir='ltr'>μιν</span> <span class='ocrx_word' id='word_1_464' title='bbox 1899 2134 1930 2175; x_wconf 81' lang='lat' dir='ltr'>is</span> <span class='ocrx_word' id='word_1_465' title='bbox 1952 2135 1981 2177; x_wconf 87' lang='grc'>81</span> <span class='ocrx_word' id='word_1_466' title='bbox 1997 2135 2109 2176; x_wconf 51' lang='lat' dir='ltr'>veri:</span> <span class='ocrx_word' id='word_1_467' title='bbox 2126 2134 2205 2176; x_wconf 90' lang='grc'><strong>1103</strong></span> 
     </span>
     <span class='ocr_line' id='line_1_34' title="bbox 258 2192 2203 2246; baseline 0.001 -13"><span class='ocrx_word' id='word_1_468' title='bbox 258 2195 334 2243; x_wconf 91' lang='lat' dir='ltr'>est,</span> <span class='ocrx_word' id='word_1_469' title='bbox 367 2192 595 2233; x_wconf 88' lang='lat' dir='ltr'>secundum</span> <span class='ocrx_word' id='word_1_470' title='bbox 628 2192 835 2246; x_wconf 85' lang='lat' dir='ltr'>justitiam</span> <span class='ocrx_word' id='word_1_471' title='bbox 867 2193 897 2235; x_wconf 88' lang='grc'>81</span> <span class='ocrx_word' id='word_1_472' title='bbox 930 2192 1151 2234; x_wconf 87' lang='lat' dir='ltr'>veritatem</span> <span class='ocrx_word' id='word_1_473' title='bbox 1182 2192 1263 2233; x_wconf 91' lang='lat' dir='ltr'>Dei</span> <span class='ocrx_word' id='word_1_474' title='bbox 1297 2193 1488 2234; x_wconf 89' lang='lat' dir='ltr'>debuisse</span> <span class='ocrx_word' id='word_1_475' title='bbox 1517 2193 1619 2234; x_wconf 89' lang='lat' dir='ltr'>satis</span> <span class='ocrx_word' id='word_1_476' title='bbox 1635 2192 1758 2233; x_wconf 81' lang='lat' dir='ltr'>fieii</span> <span class='ocrx_word' id='word_1_477' title='bbox 1746 2208 1769 2233; x_wconf 87' lang='lat' dir='ltr'>a</span> <span class='ocrx_word' id='word_1_478' title='bbox 1787 2192 1954 2234; x_wconf 87' lang='lat' dir='ltr'>Christo</span> <span class='ocrx_word' id='word_1_479' title='bbox 1972 2192 2203 2234; x_wconf 89' lang='lat' dir='ltr'>Mediatore</span> 
     </span>
     <span class='ocr_line' id='line_1_35' title="bbox 257 2250 2203 2305; baseline 0.001 -14"><span class='ocrx_word' id='word_1_480' title='bbox 257 2254 399 2292; x_wconf 88' lang='lat' dir='ltr'>nostro</span> <span class='ocrx_word' id='word_1_481' title='bbox 417 2251 469 2292; x_wconf 85' lang='lat' dir='ltr'>ad</span> <span class='ocrx_word' id='word_1_482' title='bbox 486 2250 619 2292; x_wconf 88' lang='lat' dir='ltr'>nostri</span> <span class='ocrx_word' id='word_1_483' title='bbox 635 2251 951 2301; x_wconf 75' lang='lat' dir='ltr'>redemtionem,</span> <span class='ocrx_word' id='word_1_484' title='bbox 970 2252 999 2293; x_wconf 89' lang='grc'>81</span> <span class='ocrx_word' id='word_1_485' title='bbox 1021 2253 1325 2305; x_wconf 85' lang='lat' dir='ltr'>consequenter</span> <span class='ocrx_word' id='word_1_486' title='bbox 1342 2267 1487 2294; x_wconf 81' lang='lat' dir='ltr'>revela</span> <span class='ocrx_word' id='word_1_487' title='bbox 1505 2251 1557 2292; x_wconf 88' lang='lat' dir='ltr'>ab</span> <span class='ocrx_word' id='word_1_488' title='bbox 1575 2251 1647 2292; x_wconf 92' lang='lat' dir='ltr'>illo</span> <span class='ocrx_word' id='word_1_489' title='bbox 1665 2251 1795 2293; x_wconf 87' lang='lat' dir='ltr'>fuisse</span> <span class='ocrx_word' id='word_1_490' title='bbox 1814 2251 2090 2304; x_wconf 87' lang='lat' dir='ltr'>satisfactum,</span> <span class='ocrx_word' id='word_1_491' title='bbox 2109 2267 2203 2293; x_wconf 89' lang='lat' dir='ltr'>cum</span> 
     </span>
     <span class='ocr_line' id='line_1_36' title="bbox 257 2286 2203 2365; baseline 0.001 -15"><span class='ocrx_word' id='word_1_492' title='bbox 257 2309 377 2351; x_wconf 87' lang='lat' dir='ltr'>nobis</span> <span class='ocrx_word' id='word_1_493' title='bbox 408 2325 553 2351; x_wconf 89' lang='lat' dir='ltr'>revera</span> <span class='ocrx_word' id='word_1_494' title='bbox 583 2309 774 2351; x_wconf 89' lang='lat' dir='ltr'>remissio</span> <span class='ocrx_word' id='word_1_495' title='bbox 804 2312 1071 2364; x_wconf 86' lang='lat' dir='ltr'>peccatorum</span> <span class='ocrx_word' id='word_1_496' title='bbox 1088 2310 1294 2364; x_wconf 87' lang='lat' dir='ltr'>acquisita</span> <span class='ocrx_word' id='word_1_497' title='bbox 1317 2312 1346 2353; x_wconf 86' lang='grc'>81</span> <span class='ocrx_word' id='word_1_498' title='bbox 1363 2310 1574 2365; x_wconf 87' lang='lat' dir='ltr'>applicata</span> <span class='ocrx_word' id='word_1_499' title='bbox 1593 2310 1660 2352; x_wconf 88' lang='lat' dir='ltr'>sit.</span> <span class='ocrx_word' id='word_1_500' title='bbox 1679 2309 1773 2352; x_wconf 91' lang='lat' dir='ltr'>Hoc</span> <span class='ocrx_word' id='word_1_501' title='bbox 1795 2286 2092 2365; x_wconf 81' lang='lat' dir='ltr'>argumentuni</span> <span class='ocrx_word' id='word_1_502' title='bbox 2110 2326 2203 2352; x_wconf 88' lang='lat' dir='ltr'>cum</span> 
     </span>
     <span class='ocr_line' id='line_1_37' title="bbox 258 2368 2200 2423; baseline 0.002 -14"><span class='ocrx_word' id='word_1_503' title='bbox 258 2369 312 2409; x_wconf 86' lang='lat' dir='ltr'>sit</span> <span class='ocrx_word' id='word_1_504' title='bbox 333 2368 581 2420; x_wconf 85' lang='lat' dir='ltr'>bimembre,</span> <span class='ocrx_word' id='word_1_505' title='bbox 610 2369 719 2423; x_wconf 87' lang='lat' dir='ltr'>quod</span> <span class='ocrx_word' id='word_1_506' title='bbox 746 2370 798 2410; x_wconf 87' lang='lat' dir='ltr'>ad</span> <span class='ocrx_word' id='word_1_507' title='bbox 828 2369 1037 2423; x_wconf 85' lang='lat' dir='ltr'>posterius</span> <span class='ocrx_word' id='word_1_508' title='bbox 1057 2369 1291 2410; x_wconf 90' lang='lat' dir='ltr'>membrum</span> <span class='ocrx_word' id='word_1_509' title='bbox 1315 2372 1338 2411; x_wconf 82' lang='grc'>3</span> <span class='ocrx_word' id='word_1_510' title='bbox 1361 2372 1450 2411; x_wconf 91' lang='lat' dir='ltr'>toto</span> <span class='ocrx_word' id='word_1_511' title='bbox 1468 2369 1789 2411; x_wconf 84' lang='lat' dir='ltr'>Christianismo</span> <span class='ocrx_word' id='word_1_512' title='bbox 1808 2385 1857 2411; x_wconf 89' lang='lat' dir='ltr'>ex</span> <span class='ocrx_word' id='word_1_513' title='bbox 1882 2371 2021 2413; x_wconf 73' lang='lat' dir='ltr'>Genes.</span> <span class='ocrx_word' id='word_1_514' title='bbox 2041 2371 2079 2411; x_wconf 94' lang='lat'>2.</span> <span class='ocrx_word' id='word_1_515' title='bbox 2097 2384 2200 2412; x_wconf 76' lang='lat' dir='ltr'>vers.</span> 
     </span>
     <span class='ocr_line' id='line_1_38' title="bbox 262 2428 2201 2483; baseline 0.001 -15"><span class='ocrx_word' id='word_1_516' title='bbox 262 2428 327 2468; x_wconf 92' lang='grc'>17.</span> <span class='ocrx_word' id='word_1_517' title='bbox 361 2442 454 2469; x_wconf 87' lang='grc'><strong>311111</strong></span> <span class='ocrx_word' id='word_1_518' title='bbox 477 2429 653 2470; x_wconf 75' lang='lat' dir='ltr'>Roman.</span> <span class='ocrx_word' id='word_1_519' title='bbox 675 2428 715 2470; x_wconf 89' lang='grc'>5.</span> <span class='ocrx_word' id='word_1_520' title='bbox 731 2442 835 2469; x_wconf 72' lang='lat' dir='ltr'>vers.</span> <span class='ocrx_word' id='word_1_521' title='bbox 859 2428 1057 2469; x_wconf 86' lang='grc'><strong>12.-10.</strong></span> <span class='ocrx_word' id='word_1_522' title='bbox 1076 2430 1265 2479; x_wconf 68' lang='lat' dir='ltr'>tenetur,</span> <span class='ocrx_word' id='word_1_523' title='bbox 1285 2429 1357 2470; x_wconf 91' lang='lat' dir='ltr'>sed</span> <span class='ocrx_word' id='word_1_524' title='bbox 1373 2443 1455 2470; x_wconf 91' lang='lat' dir='ltr'>non</span> <span class='ocrx_word' id='word_1_525' title='bbox 1473 2428 1620 2469; x_wconf 86' lang='lat' dir='ltr'>itidem</span> <span class='ocrx_word' id='word_1_526' title='bbox 1638 2429 1747 2482; x_wconf 88' lang='lat' dir='ltr'>quod</span> <span class='ocrx_word' id='word_1_527' title='bbox 1764 2429 1816 2469; x_wconf 85' lang='lat' dir='ltr'>ad</span> <span class='ocrx_word' id='word_1_528' title='bbox 1831 2429 1948 2483; x_wconf 88' lang='lat' dir='ltr'>prius</span> <span class='ocrx_word' id='word_1_529' title='bbox 1966 2429 2201 2470; x_wconf 85' lang='lat' dir='ltr'>membrum</span> 
     </span>
     <span class='ocr_line' id='line_1_39' title="bbox 258 2486 2200 2543; baseline 0.001 -17"><span class='ocrx_word' id='word_1_530' title='bbox 258 2486 307 2526; x_wconf 88' lang='lat' dir='ltr'>de</span> <span class='ocrx_word' id='word_1_531' title='bbox 319 2486 486 2539; x_wconf 84' lang='lat' dir='ltr'>justitia</span> <span class='ocrx_word' id='word_1_532' title='bbox 508 2487 713 2540; x_wconf 88' lang='lat' dir='ltr'>punitiva,</span> <span class='ocrx_word' id='word_1_533' title='bbox 736 2487 854 2541; x_wconf 89' lang='lat' dir='ltr'>cujus</span> <span class='ocrx_word' id='word_1_534' title='bbox 877 2486 1119 2528; x_wconf 87' lang='lat' dir='ltr'>exercitium</span> <span class='ocrx_word' id='word_1_535' title='bbox 1146 2487 1261 2528; x_wconf 90' lang='lat' dir='ltr'>Deus</span> <span class='ocrx_word' id='word_1_536' title='bbox 1279 2488 1473 2529; x_wconf 84' lang='lat' dir='ltr'>omittere</span> <span class='ocrx_word' id='word_1_537' title='bbox 1491 2490 1564 2528; x_wconf 87' lang='lat' dir='ltr'>aut</span> <span class='ocrx_word' id='word_1_538' title='bbox 1582 2487 1793 2542; x_wconf 83' lang='lat' dir='ltr'>abnegare</span> <span class='ocrx_word' id='word_1_539' title='bbox 1809 2490 2004 2543; x_wconf 83' lang='lat' dir='ltr'>nequeat.</span> <span class='ocrx_word' id='word_1_540' title='bbox 2038 2486 2101 2528; x_wconf 91' lang='lat' dir='ltr'>De</span> <span class='ocrx_word' id='word_1_541' title='bbox 2119 2502 2200 2541; x_wconf 86' lang='lat' dir='ltr'>quo</span> 
     </span>
     <span class='ocr_line' id='line_1_40' title="bbox 258 2520 2200 2600; baseline 0.002 -16"><span class='ocrx_word' id='word_1_542' title='bbox 258 2544 368 2584; x_wconf 72' lang='lat' dir='ltr'>infla</span> <span class='ocrx_word' id='word_1_543' title='bbox 401 2545 592 2598; x_wconf 86' lang='lat' dir='ltr'>pluribus</span> <span class='ocrx_word' id='word_1_544' title='bbox 625 2545 848 2600; x_wconf 83' lang='lat' dir='ltr'>agendum.</span> <span class='ocrx_word' id='word_1_545' title='bbox 881 2544 974 2586; x_wconf 86' lang='lat' dir='ltr'>Hae</span> <span class='ocrx_word' id='word_1_546' title='bbox 1007 2546 1160 2587; x_wconf 87' lang='lat' dir='ltr'>classes</span> <span class='ocrx_word' id='word_1_547' title='bbox 1188 2549 1534 2600; x_wconf 81' lang='lat' dir='ltr'>argumentorum</span> <span class='ocrx_word' id='word_1_548' title='bbox 1561 2520 1835 2587; x_wconf 53' lang='lat' dir='ltr'>accumoulatis</span> <span class='ocrx_word' id='word_1_549' title='bbox 1853 2545 2200 2595; x_wconf 73' lang='lat' dir='ltr'>concordantibus</span> 
     </span>
     <span class='ocr_line' id='line_1_41' title="bbox 258 2601 2199 2678; baseline 0.002 -36"><span class='ocrx_word' id='word_1_550' title='bbox 258 2601 498 2655; x_wconf 75' lang='lat' dir='ltr'>Sclipturae</span> <span class='ocrx_word' id='word_1_551' title='bbox 526 2603 627 2644; x_wconf 88' lang='lat' dir='ltr'>locis</span> <span class='ocrx_word' id='word_1_552' title='bbox 658 2604 837 2645; x_wconf 74' lang='lat' dir='ltr'>firmiter</span> <span class='ocrx_word' id='word_1_553' title='bbox 868 2604 1073 2645; x_wconf 85' lang='lat' dir='ltr'>tenendae</span> <span class='ocrx_word' id='word_1_554' title='bbox 1105 2607 1249 2646; x_wconf 87' lang='lat' dir='ltr'>contra</span> <span class='ocrx_word' id='word_1_555' title='bbox 1278 2604 1646 2646; x_wconf 89' lang='lat' dir='ltr'>Achristianorum</span> <span class='ocrx_word' id='word_1_556' title='bbox 1663 2605 1918 2659; x_wconf 87' lang='lat' dir='ltr'>objectiones</span> <span class='ocrx_word' id='word_1_557' title='bbox 1937 2607 2061 2678; x_wconf 86' lang='lat' dir='ltr'>(quae</span> <span class='ocrx_word' id='word_1_558' title='bbox 2094 2604 2199 2645; x_wconf 89' lang='lat' dir='ltr'>alio-</span> 
     </span>
    </p>

    <p class='ocr_par' dir='ltr' id='par_1_4' title="bbox 258 2661 2197 2776">
     <span class='ocr_line' id='line_1_42' title="bbox 259 2661 2197 2718; baseline 0.002 -18"><span class='ocrx_word' id='word_1_559' title='bbox 259 2661 358 2713; x_wconf 87' lang='lat' dir='ltr'>quin</span> <span class='ocrx_word' id='word_1_560' title='bbox 392 2661 494 2701; x_wconf 81' lang='lat' dir='ltr'>satis</span> <span class='ocrx_word' id='word_1_561' title='bbox 525 2664 672 2703; x_wconf 86' lang='lat' dir='ltr'>tenues</span> <span class='ocrx_word' id='word_1_562' title='bbox 691 2664 720 2704; x_wconf 84' lang='lat'>&amp;</span> <span class='ocrx_word' id='word_1_563' title='bbox 735 2662 880 2704; x_wconf 87' lang='lat' dir='ltr'>futiles</span> <span class='ocrx_word' id='word_1_564' title='bbox 886 2662 941 2716; x_wconf 85' lang='lat'>,)</span> <span class='ocrx_word' id='word_1_565' title='bbox 930 2663 1138 2717; x_wconf 70' lang='lat' dir='ltr'>imprimis</span> <span class='ocrx_word' id='word_1_566' title='bbox 1156 2665 1301 2704; x_wconf 90' lang='lat' dir='ltr'>contra</span> <span class='ocrx_word' id='word_1_567' title='bbox 1318 2679 1462 2705; x_wconf 90' lang='lat' dir='ltr'>eorum</span> <span class='ocrx_word' id='word_1_568' title='bbox 1481 2664 1759 2718; x_wconf 87' lang='lat' dir='ltr'>exceptiones,</span> <span class='ocrx_word' id='word_1_569' title='bbox 1783 2678 1889 2718; x_wconf 87' lang='lat' dir='ltr'>quae</span> <span class='ocrx_word' id='word_1_570' title='bbox 1906 2663 2029 2717; x_wconf 88' lang='lat' dir='ltr'>prim</span> <span class='ocrx_word' id='word_1_571' title='bbox 2019 2665 2043 2703; x_wconf 89' lang='grc' dir='ltr'>ι</span> <span class='ocrx_word' id='word_1_572' title='bbox 2061 2663 2197 2717; x_wconf 90' lang='lat' dir='ltr'>specie</span> 
     </span>
     <span class='ocr_line' id='line_1_43' title="bbox 258 2718 2198 2777; baseline 0.002 -19"><span class='ocrx_word' id='word_1_573' title='bbox 258 2718 511 2772; x_wconf 71' lang='lat' dir='ltr'>sophisticae</span> <span class='ocrx_word' id='word_1_574' title='bbox 546 2720 767 2762; x_wconf 86' lang='lat' dir='ltr'>admodum</span> <span class='ocrx_word' id='word_1_575' title='bbox 790 2723 818 2763; x_wconf 87' lang='grc'>81</span> <span class='ocrx_word' id='word_1_576' title='bbox 851 2721 1013 2763; x_wconf 86' lang='lat' dir='ltr'>validae</span> <span class='ocrx_word' id='word_1_577' title='bbox 1046 2721 1252 2763; x_wconf 86' lang='lat' dir='ltr'>videntur.</span> <span class='ocrx_word' id='word_1_578' title='bbox 1286 2721 1367 2764; x_wconf 82' lang='lat' dir='ltr'>Sed</span> <span class='ocrx_word' id='word_1_579' title='bbox 1400 2723 1443 2763; x_wconf 89' lang='lat' dir='ltr'>in</span> <span class='ocrx_word' id='word_1_580' title='bbox 1470 2736 1695 2777; x_wconf 84' lang='lat' dir='ltr'>progressu</span> <span class='ocrx_word' id='word_1_581' title='bbox 1727 2721 2022 2776; x_wconf 86' lang='lat' dir='ltr'>disputationis</span> <span class='ocrx_word' id='word_1_582' title='bbox 2047 2736 2198 2763; x_wconf 87' lang='lat' dir='ltr'>evane-</span> 
     </span>
    </p>

    <p class='ocr_par' dir='ltr' id='par_1_5' title="bbox 259 2777 2197 2835">
     <span class='ocr_line' id='line_1_44' title="bbox 259 2777 2197 2835; baseline 0.003 -19"><span class='ocrx_word' id='word_1_583' title='bbox 259 2779 387 2827; x_wconf 79' lang='lat' dir='ltr'>scent,</span> <span class='ocrx_word' id='word_1_584' title='bbox 406 2778 440 2817; x_wconf 85' lang='lat' dir='ltr'>si</span> <span class='ocrx_word' id='word_1_585' title='bbox 457 2777 560 2819; x_wconf 87' lang='lat' dir='ltr'>haec</span> <span class='ocrx_word' id='word_1_586' title='bbox 576 2778 628 2818; x_wconf 73' lang='lat' dir='ltr'>ti</span> <span class='ocrx_word' id='word_1_587' title='bbox 618 2793 658 2819; x_wconf 86' lang='lat' dir='ltr'>1a</span> <span class='ocrx_word' id='word_1_588' title='bbox 676 2779 968 2821; x_wconf 81' lang='lat' dir='ltr'>observentur:</span> <span class='ocrx_word' id='word_1_589' title='bbox 990 2795 1094 2834; x_wconf 86' lang='lat' dir='ltr'>quor</span> <span class='ocrx_word' id='word_1_590' title='bbox 1098 2796 1168 2821; x_wconf 88' lang='grc'><strong>11111</strong></span> <span class='ocrx_word' id='word_1_591' title='bbox 1185 2781 1376 2835; x_wconf 77' lang='lat' dir='ltr'>primum</span> <span class='ocrx_word' id='word_1_592' title='bbox 1398 2783 1474 2832; x_wconf 89' lang='lat' dir='ltr'>est,</span> <span class='ocrx_word' id='word_1_593' title='bbox 1489 2783 1535 2822; x_wconf 89' lang='lat' dir='ltr'>ut</span> <span class='ocrx_word' id='word_1_594' title='bbox 1552 2780 1774 2822; x_wconf 88' lang='lat' dir='ltr'>confertim</span> <span class='ocrx_word' id='word_1_595' title='bbox 1786 2782 1815 2824; x_wconf 90' lang='grc'>81</span> <span class='ocrx_word' id='word_1_596' title='bbox 1833 2780 2087 2835; x_wconf 85' lang='lat' dir='ltr'>conjunctim</span> <span class='ocrx_word' id='word_1_597' title='bbox 2100 2795 2197 2822; x_wconf 89' lang='lat' dir='ltr'>con-</span> 
     </span>
    </p>
   </div>
   <div class='ocr_carea' id='block_1_3' title="bbox 258 2836 2200 2939">
    <p class='ocr_par' dir='ltr' id='par_1_6' title="bbox 258 2836 2200 2939">
     <span class='ocr_line' id='line_1_45' title="bbox 258 2836 2197 2894; baseline 0.003 -19"><span class='ocrx_word' id='word_1_598' title='bbox 258 2838 324 2876; x_wconf 86' lang='lat' dir='ltr'>tra</span> <span class='ocrx_word' id='word_1_599' title='bbox 350 2836 611 2889; x_wconf 83' lang='lat' dir='ltr'>exceptiones</span> <span class='ocrx_word' id='word_1_600' title='bbox 643 2839 852 2879; x_wconf 86' lang='lat' dir='ltr'>textuales</span> <span class='ocrx_word' id='word_1_601' title='bbox 885 2841 975 2880; x_wconf 84' lang='lat' dir='ltr'>tota</span> <span class='ocrx_word' id='word_1_602' title='bbox 996 2839 1182 2892; x_wconf 84' lang='lat' dir='ltr'>phalanx</span> <span class='ocrx_word' id='word_1_603' title='bbox 1204 2843 1547 2893; x_wconf 83' lang='lat' dir='ltr'>argumentorum</span> <span class='ocrx_word' id='word_1_604' title='bbox 1571 2840 1623 2881; x_wconf 92' lang='lat' dir='ltr'>iis</span> <span class='ocrx_word' id='word_1_605' title='bbox 1641 2842 1889 2894; x_wconf 83' lang='lat' dir='ltr'>opponatur,</span> <span class='ocrx_word' id='word_1_606' title='bbox 1908 2841 1937 2882; x_wconf 87' lang='grc'>81</span> <span class='ocrx_word' id='word_1_607' title='bbox 1954 2842 2197 2894; x_wconf 80' lang='lat' dir='ltr'>urgeantur,</span> 
     </span>
     <span class='ocr_line' id='line_1_46' title="bbox 2154 2902 2200 2939; baseline 0 0"><span class='ocrx_word' id='word_1_608' title='bbox 2154 2902 2200 2939; x_wconf 91' lang='lat' dir='ltr'>ut</span> 
     </span>
    </p>
   </div>
  </div>
 </body>
</html>
