2399 3084
685 104 1034 147 Amomms
1083 102 1477 145 Scnlr'ruaAE.
2000 101 2052 140 13

113 236 181 275 tus
213 247 299 274 non
329 230 534 286 potuisset
569 229 724 270 usitato
747 242 794 269 ac
815 229 982 281 recepto
1015 239 1203 267 sermone
1236 224 1327 279 (qui
1352 239 1430 264 usu
1448 223 1573 274 valet,
1594 223 1622 264 &
1645 223 1947 276 consequenter
1964 220 2058 261 inde

115 291 354 346 analogiam
386 288 534 341 habet)
567 289 749 328 mentem
785 302 904 328 suam
939 298 1156 339 exponere.
1190 282 1281 324 Illis
1319 282 1557 336 reponimus
1585 282 1745 335 primm
1783 280 2058 320 intercurrere

115 351 269 391 multos
285 347 573 397 Hebraismos,
593 346 754 400 aliquos
777 345 905 386 etiam
924 342 1257 397 Targumismos,
1278 340 1593 388 Rabbinismos‚
1612 338 1879 388 Latinismos,
1898 338 1965 379 ἃς.
1987 336 2059 391 (1111

115 409 189 448 illa
211 410 349 449 aetate
380 404 632 447 barbarismi
666 418 748 444 non
784 406 902 445 eraut
925 402 1074 443 saltem
1092 401 1191 451 illis,
1215 400 1286 454 qui
1307 398 1510 451 ejusmodi
1530 397 1753 438 idiotismis
1771 397 2058 437 assueverant:

116 469 412 520 praeterquam
449 463 559 518 quod
588 463 813 516 plusquam
843 461 1024 503 trivialis
1057 474 1171 500 error
1208 461 1316 500 esset
1346 458 1388 497 111
1418 456 1644 497 Rhetorica
1662 457 1691 498 ἃ
1710 453 2060 506 G1·a1ninatica,si

115 525 209 579 quis
229 524 513 567 Graeeisnmm
530 522 572 562 in
591 521 722 562 latino
740 522 939 575 scriptore
957 520 1242 560 occurrentem
1261 515 1509 557 barbarismi
1527 517 1599 555 aut
1617 514 1851 555 soloecismi
1883 514 2061 571 notaret.

117 584 316 634 Seemnto,
340 582 520 622 Phrases
538 580 636 621 illae
655 594 761 633 quae
783 582 995 628 taxantur,
1019 577 1234 631 maginam
1252 577 1416 629 partem
1434 576 1481 614 ut
1499 573 1654 614 delicae
1674 572 1841 613 Atticae
1859 574 1888 614 &
1925 574 2061 610 κ’,λλκ-

116 632 349 686 δῦςυΕλλκς
382 656 406 681 a
438 638 672 680 delicatulis
701 638 787 678 illis
818 637 980 679 creticis
999 635 1304 689 deglutiuntur,
1323 648 1417 674 cnm
1435 632 1546 686 apud
1562 631 1759 685 profanos
1778 631 1975 671 authores
1993 648 2061 672 ose-

116 702 302 740 currunt.
339 698 564 740 Occurrere
583 699 679 738 veri)
692 697 780 750 jam
814 696 915 737 satis
937 709 1144 749 superque
1162 694 1490 734 demonstratum
1508 692 1530 731 ὰ
1554 691 1656 732 Beza
1673 690 1719 731 ‘in
1735 690 1842 731 nolis
1859 690 1915 731 ad
1938 691 1986 732 Ν.
2018 693 2059 732 Τ.

117 760 146 800 81
178 758 230 798 ab
269 759 396 800 llenr.
428 757 634 811 Stephano
667 756 712 796 ‘in¹
741 755 912 809 egregia
928 754 1184 808 praefatione
1208 751 1313 795 Novi
1341 750 1585 792 Testamenti
1606 763 1668 803 gr.
1688 749 1787 790 edit.
1805 748 1847 788 in
1869 749 1934 789 16.
1954 764 2062 789 anno

123 817 248 856 1580.
281 816 480 869 praefixa.
521 815 665 864 Tertii),
696 828 772 854 nec
804 816 902 854 sunt
933 812 1073 853 onmia
1089 815 1173 852 tam
1195 824 1340 851 aversa
1357 809 1409 850 ab
1428 808 1703 857 Hellenismo,
1722 810 1768 848 ut
1784 807 1975 847 nonnulli
1993 822 2064 849 vo-

120 875 224 915 lunt.
259 874 373 922 Quae
405 876 608 927 tanquam
642 872 803 913 exotica
835 871 1058 921 Hebraica,
1091 873 1163 910 aut
1182 868 1353 923 Syriaca
1371 867 1528 908 scaevis
1541 866 1670 907 oculis
1687 866 1879 906 nonnulli
1897 866 2064 920 lingua-

119 948 213 973 rum
246 932 513 973 orientalium
546 930 745 984 imperiti,
765 930 908 970 intuiti
932 932 1042 979 sunt,
1066 928 1173 969 eain
1192 928 1328 968 media
1351 926 1525 968 Graecia
1546 928 1659 975 nata,
1678 927 1751 965 aut
1772 924 1880 965 forte
1906 924 1957 964 ab
1977 924 2064 966 He-

119 991 257 1032 braeis
290 991 341 1031 ad
374 989 556 1031 Graecos
578 989 783 1038 traducta,
822 987 1047 1029 monstrari
1065 989 1251 1040 possunt.
1285 985 1394 1026 Vide
1423 984 1508 1026 Set).
1533 984 1751 1038 Ps'oclicnii
1772 983 2000 1034 Diatribcn,
2019 984 2067 1025 (te

119 1050 301 1105 puritate
336 1050 479 1103 linqua
494 1062 661 1103 yraccac
681 1048 730 1090 Ν.
751 1049 794 1089 Τ.
818 1048 846 1089 81
867 1046 1132 1088 llebraismos
1148 1045 1319 1087 Homeri
1344 1050 1559 1084 ammtatcs
1576 1043 1601 1082 a
1623 1042 1760 1083 Jacob.
1782 1042 1942 1096 Capello
1970 1041 2068 1084 Vin-

128 1110 271 1150 ‹tii-iar.
311 1107 548 1151 casauboni
564 1106 632 1149 lib.
651 1106 690 1146 4.
709 1119 740 1147 c.
768 1106 830 1145 11,
855 1107 921 1146 12.
941 1119 1119 1158 (1110111111
1147 1104 1317 1157 plenam
1333 1116 1512 1142 messem
1535 1100 1595 1141 (31.
1618 1101 1838 1142 Hemsimn
1860 1101 2068 1143 inexerci-

123 1176 192 1209 tat.
235 1181 339 1208 sacr.
378 1167 424 1207 ia
450 1166 680 1207 ‚Iohannem
714 1164 869 1210 alicubi
886 1163 1132 1217 promittere
1149 1161 1336 1203 memini.
1369 1159 1521 1201 Confer
1543 1159 1671 1199 etiam
1689 1159 1873 1212 ejusdem
1891 1173 1980 1213 cap.
2001 1160 2068 1200 10.

122 1227 322 1267 efflei-citat.
356 1225 412 1266 ad
436 1225 650 1268 Nonnum.
684 1222 757 1264 [V.
789 1222 870 1271 Qui
886 1223 1245 1275 interpmictiones
1266 1220 1309 1260 in
1326 1218 1523 1273 originali
1540 1220 1659 1258 textu
1676 1216 1788 1258 Novi
1809 1217 2069 1259 Testamenti

124 1285 366 1334 sollicitant,
381 1283 708 1337 quotiescunque
726 1281 960 1322 rationibus
978 1280 1165 1334 ipsorum
1183 1279 1225 1319 id
1243 1279 1436 1333 prodesse
1454 1276 1631 1317 videtur.
1664 1274 1780 1316 Inter
1797 1290 1900 1330 quos
1917 1276 2068 1317 emicat

123 1345 297 1385 Faustus
319 1343 505 1384 Soeiuus.
540 1341 654 1389 Quae
673 1340 780 1381 ratio
799 1340 943 1381 suadet
960 1338 1345 1392 interpunctionem
1365 1335 1589 1391 (siquidem
1617 1348 1712 1388 pars
1741 1335 1978 1388 scriptionis
1996 1350 2067 1375 sen

121 1401 337 1452 orationis,
370 1402 399 1442 St
417 1400 530 1450 olim,
548 1401 577 1442 a
595 1414 759 1453 semper
776 1398 923 1439 habita
940 1398 1040 1450 fuit)
1060 1396 1338 1450 scriptoribus
1357 1394 1484 1435 sacris
1502 1407 1584 1433 non
1603 1393 1836 1434 adscribere
1849 1396 1868 1434 ⁴?
1892 1394 2010 1441 Quod
2033 1393 2066 1433 si

122 1461 206 1500 illis
240 1459 503 1509 adscribitur,
539 1460 563 1499 a
598 1458 765 1499 nemine
798 1457 1000 1497 mutanda
1037 1458 1115 1496 est.
1148 1455 1200 1496 V.
1235 1454 1316 1503 Qui
1333 1455 1487 1507 puncta
1518 1451 1681 1492 vocalia
1698 1452 1742 1492 in
1763 1451 1909 1493 Veteri
1922 1451 2067 1492 Testa-

125 1520 267 1559 mento
291 1520 449 1572 negant
472 1531 561 1558 esse
579 1515 836 1566 authentica,
855 1515 1009 1568 quippe
1027 1513 1163 1555 textui
1181 1513 1376 1554 Hebraeo
1408 1509 1618 1563 adscripta
1634 1510 1817 1563 primum
1837 1512 1860 1551 a
1877 1510 2069 1551 Doctori-

124 1578 203 1618 bus
236 1576 552 1617 Tiberiensibus
572 1575 697 1629 vulgo
715 1574 836 1615 dietis
856 1573 1111 1623 Masoretlzis,
1135 1587 1246 1613 anno
1264 1572 1362 1613 446.
1399 1569 1632 1611 Galativms
1649 1569 1715 1611 tib.
1738 1570 1787 1610 dc
1807 1569 1974 1611 arcanis
1993 1570 2069 1610 Ca-

126 1636 220 1678 thol.
256 1635 435 1676 veritatis
467 1648 555 1689 cap.
581 1634 620 1674 8.
640 1633 924 1674 inventionem
948 1632 1115 1685 apicum
1132 1630 1284 1671 tribuit
1300 1630 1382 1670 ben
1399 1628 1465 1669 Ne
1470 1629 1570 1681 phta
1587 1627 1616 1667 &
1632 1627 1713 1668 ben
1729 1627 1932 1669 Essevun.
1967 1626 2070 1668 Sen-

126 1694 302 1734 tentiam
328 1693 435 1733 hanc
464 1693 508 1733 in
535 1692 750 1745 Europam
767 1691 913 1732 intulit
929 1690 1047 1731 Elias
1062 1689 1209 1731 Levita
1232 1688 1478 1736 Germanus,
1497 1685 1569 1740 qui
1586 1688 1680 1739 post
1699 1701 1742 1727 se
1760 1686 1890 1727 traxit
1907 1686 2070 1740 aliquos

127 1753 246 1808 [pag.
280 1751 356 1806 34]
395 1766 445 1791 ex
467 1750 673 1791 Rabbinis
690 1750 1040 1799 Christianorum,
1060 1750 1233 1790 Petram
1252 1746 1502 1789 almaniam.
1520 1745 1565 1785 in
1590 1746 1626 1786 T
1621 1744 1826 1799 ectmotoq.
1846 1745 2068 1786 Authorcm

125 1809 566 1864 (110(ιηὶρῑιηοιαιῖοηῖε
589 1809 638 1850 ab
658 1809 838 1862 Erpcnio
855 1809 1011 1849 editam
1024 1823 1038 1855 ;
1054 1807 1204 1849 Sioetin.
1237 1807 1419 1849 Amama
1436 1805 1482 1845 in
1517 1803 1785 1845 Avitum-bar.
1803 1803 1929 1845 biblic.
1948 1818 2068 1857 prae-

125 1872 241 1910 terea
272 1868 510 1922 Theologos
543 1867 783 1908 Pontificios
807 1867 914 1920 (vide
947 1866 1192 1911 Bcllarmin.
1225 1865 1274 1906 dc
1302 1865 1422 1906 Verbo
1439 1862 1518 1904 Dci
1538 1861 1605 1903 lit).
1620 1862 1658 1902 2.
1673 1877 1704 1903 c.
1724 1863 1782 1916 2.)
1801 1862 2070 1904 &nonnullos

128 1943 177 1968 ex
196 1927 364 1978 nostris,
387 1927 460 1980 qui
478 1926 513 1967 si
530 1925 738 1966 mordicus
762 1924 1078 1965 Tiberiensibus
1100 1923 1416 1977 punctationem
1446 1935 1530 1961 non
1548 1923 1749 1971 asserant,
1772 1921 1921 1961 saltem
1939 1920 2070 1973 scrip-

126 1986 288 2027 toribus
320 1985 448 2026 sacris
467 1999 560 2025 eam
577 1983 804 2024 detrahunt
821 1997 830 2024 :
859 1983 969 2023 inter
986 1997 1088 2036 quos
1107 1982 1314 2023 ι101101111ος
1333 1982 1519 2023 Piscator
1539 1979 1585 2019 in
1601 1979 1823 2033 appendice
1842 1979 2069 2034 quaestion.

127 2045 173 2086 in
192 2043 510 2086 Pcnttttcachum
525 2058 540 2092 ;
558 2044 587 2085 82
607 2057 656 2083 ex
674 2041 939 2082 Lutheranus
964 2042 1012 2084 N.
1040 2040 1348 2094 Oetsclzteqetius
1367 2038 1581 2081 tractatulo
1594 2038 1796 2090 peculiari
1812 2038 1860 2079 (lc
1878 2038 2068 2091 punctis:

130 2103 201 2144 ubi
219 2118 293 2156 pro
311 2117 353 2143 se
371 2102 473 2142 citat
491 2100 791 2152 Chemnitium,
811 2102 840 2142 &
858 2099 1013 2141 Saloni.
1033 2099 1276 2140 Gesnerum.
1311 2096 1576 2139 Contrarium
1610 2096 1798 2137 sentiunt
1828 2098 1897 2138 Fr.
1916 2096 2072 2138 dimitis

129 2163 174 2203 in
206 2161 485 2203 cmimadvers.
519 2161 565 2201 in
598 2159 917 2209 Bellarmimtm,
957 2160 986 2200 ἃ
1018 2173 1113 2199 cum
1144 2158 1218 2198 illo
1255 2156 1462 2211 Theologi
1479 2154 1692 2208 plerique3
1712 2155 1869 2196 adhaec
1886 2154 2070 2195 Rabbini

128 2220 155 2262 J
160 2220 281 2262 udaei
298 2234 453 2267 omnes,
472 2220 502 2261 81,
524 2233 574 2260 ex
591 2217 842 2260 Christianis
859 2217 1064 2271 primipili
1081 2216 1380 2271 Brouqlztonus
1397 2216 1481 2257 loco
1498 2213 1615 2267 ‘infra
1626 2214 1689 2255 cit.
1709 2214 1981 2269 Baoetlorfias,
1999 2213 2071 2266 qui

131 2294 180 2319 ex
193 2278 379 2332 professo
397 2277 505 2318 hanc
526 2291 694 2318 causam
713 2276 803 2331 agit
818 2281 862 2316 in
879 2279 953 2316 sua
977 2275 1179 2317 Tiberina.
1199 2283 1307 2329 part.
1329 2276 1366 2316 1.
1384 2288 1415 2316 c.
1436 2274 1474 2315 7.
1496 2270 1536 2313 a
1553 2271 1592 2312 9.
1611 2273 1705 2314 coll.
1723 2287 1817 2313 011111
1828 2272 2071 2312 bibliothec.

133 2337 365 2387 Rabbinica,
403 2337 449 2377 ‘in
479 2349 569 2377 voce
600 2335 743 2376 zolzar.
779 2333 931 2375 Confer
954 2334 1109 2375 librum
1129 2334 1363 2376 Bibliamtri
1379 2334 1428 2375 (lc
1443 2330 1595 2385 optimo
1611 2345 1756 2386 (sensere
1771 2330 2072 2385 interpretandi

132 2396 331 2437 chraica
344 2411 356 2435 :
388 2394 445 2435 Et
467 2409 517 2435 ex
534 2393 786 2435 Lutheranis
806 2391 1041 2435 Crincsiam
1058 2393 1104 2434 in
1126 2393 1320 2434 discursu
1338 2393 1386 2434 dc
1401 2389 1643 2444 confusione
1660 2391 1906 2444 linquarmn
1922 2403 2009 2442 cap.
2031 2390 2069 2429 3.

133 2455 257 2496 Lam.
277 2453 510 2495 Fabritimn
527 2453 572 2493 in
588 2453 730 2506 partit.
748 2451 967 2493 hibliormn
983 2465 1073 2506 cap.
1092 2453 1131 2492 2.
1146 2452 1338 2493 Helvinus
1354 2448 1576 2505 appendice
1589 2450 1627 2490 3.
1646 2449 1845 2493 elcnclzor.
1863 2448 2070 2490 Jadaicor.

133 2512 369 2566 distinguit,
388 2526 470 2566 quo
488 2511 705 2552 Lectorem
722 2509 990 2551 remittimus.
1015 2510 1220 2550 Addimus
1241 2509 1457 2550 Buxdorfii
1474 2505 1706 2550 rationibus
1724 2509 1753 2550 ἃ
1775 2507 1890 2548 istas.
1909 2507 2071 2557 Primo,

134 2571 169 2612 si
201 2571 383 2624 primum
418 2570 588 2611 inventa
606 2571 715 2610 esset
732 2568 948 2622 punctatio
967 2571 991 2609 a
1012 2567 1328 2610 Tiberiensibus
1346 2563 1612 2616 Masorethis,
1631 2580 1704 2607 cur
1726 2565 1851 2607 crisin
1879 2567 2073 2606 exercent

134 2630 178 2670 in
209 2643 352 2670 vocem
380 2642 463 2668 non
489 2630 749 2682 punctatam.
780 2627 923 2668 lere-m.
958 2628 1026 2667 51.
1060 2627 1100 2669 3.
1135 2627 1164 2668 &
1201 2626 1304 2667 alias
1339 2623 2074 2678 ἀνομάλως11111101301113ῗΡο1111330111

135 2687 246 2728 enim
269 2687 351 2741 ipsi
368 2689 569 2740 punctare
590 2701 641 2727 ex
658 2685 787 2726 animi
802 2686 1022 2726 sententia.
1056 2684 1312 2726 Invenerunt
1329 2698 1428 2738 ergo
1441 2684 1529 2737 jam
1548 2683 1834 2733 constitutam,
1853 2682 1882 2723 &
1899 2696 1982 2722 11011
2000 2682 2071 2722 de-

136 2746 286 2786 derunt
316 2745 644 2798 punctationem.
679 2743 879 2795 semmae,
918 2746 1162 2798 sequeretur
1192 2744 1269 2784 hoc
1303 2742 1544 2792 absurdum,
1562 2741 1749 2796 aliquam
1770 2741 1925 2795 partim
1942 2740 2072 2793 scrip-

136 2807 255 2844 turae
293 2804 380 2845 sive
414 2802 690 2844 authoritatis
716 2803 804 2855 ejus
831 2803 861 2845 81
887 2802 983 2843 fidei
1010 2805 1176 2844 nostrae
1213 2802 1391 2856 pendere
1409 2803 1433 2841 a
1450 2799 1655 2842 Rabbinis
1672 2802 1702 2843 &
1719 2799 1884 2841 Criticis
1901 2798 2073 2841 Judaeis

1945 2871 2074 2898 errori
