2399 3084
332 93 721 136 D1S1›.VI.DE
753 93 1213 135 PuoerA'MoNss
1247 92 1502 134 PssccAwl
1537 91 1913 133 ORIGINAIAS.
2014 93 2089 133 107

154 220 223 261 riti
239 232 386 261 sumus
405 218 524 259 islani
543 217 770 258 caecitatem
791 215 831 258 ἃ·
847 215 1059 264 &Romaim
1074 216 1130 257 ad
1148 216 1314 266 bonum,
1338 214 1379 258 cst*
1394 223 1598 272 quatenus
1614 229 1662 259 ea
1678 216 1813 258 adliue
1830 216 2091 268 delectamur,

157 278 197 320 ἃ·
218 278 419 332 sapientes
436 276 597 330 acjusti
613 276 743 316 videri
762 276 965 324 volumus,
990 275 1111 330 quasi
1127 289 1170 316 re
1187 275 1283 316 benc
1298 282 1421 330 qesta.

215 336 381 380 Caetera
407 335 641 390 spinosiora
659 334 702 375 in
719 342 851 376 castra
868 334 1117 375 curiositatis
1135 333 1286 388 ableqo,
1304 334 1393 374 vide
1419 333 1750 376 eruditissimum
1767 333 1794 375 ,J
1796 333 1974 375 ohannis
1992 332 2088 388 Spi-

150 395 244 437 naei
276 396 502 435 tractatum
534 394 582 434 (le
610 393 851 439 curiositate,
881 394 986 434 inter
1007 407 1083 437 eos,
1117 406 1218 447 quos
1245 392 1293 433 de
1311 392 1440 432 animi
1457 392 1766 444 tranquillitate
1783 393 1956 446 scripsit.
1990 391 2090 433 Per-

151 453 297 494 kinsus
330 453 372 493 in
393 452 498 493 serie
516 466 675 492 causar.
695 451 842 492 salutis
861 452 926 493 Sic.
949 466 1039 504 cap.
1063 451 1127 492 12.
1146 466 1184 504 p.
1206 451 1274 492 27.
1296 452 1562 504 Propaqatur
1579 459 1788 504 peccatum
1805 452 1830 491 a
1852 451 2092 505 parentibus

151 513 329 567 insilias,
362 512 422 552 vel
453 511 564 566 quod
595 510 739 551 anima
771 510 954 564 corporis
985 510 1236 563 contaqione,
1254 516 1298 550 ut
1315 516 1577 562 unquentum
1597 509 1762 563 impuro
1783 510 2092 566 vaseafficitur;

149 572 210 612 vel
241 571 339 626 quia
372 571 484 611 Deus
500 569 703 618 animani,
722 569 858 610 codem
881 576 1084 609 'momento
1101 582 1182 623 quo
1199 575 1254 609 est
1272 576 1405 609 creata
1427 566 1466 609 ἃ
1485 568 1639 621 infusa,
1658 568 1816 609 (leserit.
1853 569 1959 610 Nam
1978 567 2090 608 Ada-

150 644 255 679 mus,
291 629 514 682 imaqinem
542 627 619 669 Dei
636 634 678 668 ut
696 627 773 668 sibi
789 626 828 668 ἃ·
844 627 938 668 aliis
956 628 1116 680 acecpit,
1136 627 1191 668 ita
1209 626 1285 667 sibi
1306 626 1346 668 tt·
1363 626 1457 667 aliis
1480 626 1630 667 amisit.
1651 625 1861 666 parkerus
1885 626 1957 667 lib.
1982 627 2020 667 3.
2041 627 2089 667 de

149 688 348 728 descensu
382 687 432 727 ad
463 685 623 726 Inferos
658 686 679 739 ξ
713 686 781 728 65.
820 700 917 740 pag.
954 686 1049 726 121.
1080 686 1173 729 Non
1190 686 1319 739 iqitur
1338 685 1407 726 illa
1429 683 1592 726 Urbani
1611 683 1887 739 (Memphras.
1913 700 1975 738 ps.
2002 684 2088 738 51.)

144 748 326 800 placent:
357 746 510 787 Anima
527 745 553 785 a
570 745 654 786 Deo
677 745 822 798 infusa
839 745 1000 798 corpori
1016 744 1266 798 labefactam,
1292 745 1424 786 taliter
1441 744 1697 785 inaculatur:
1714 743 1817 784 sicut
1837 744 1880 784 in
1896 756 1989 784 vase
2004 756 2090 784 non

146 805 302 846 sincero
332 804 478 845 vinum
512 803 715 858 infusum,
743 803 827 844 licct
843 803 1049 856 optimum
1073 803 1265 859 inficitur,
1288 802 1328 844 a
1344 802 1496 844 acescit.
1529 803 1579 844 Et
1599 802 1642 843 in
1664 802 1735 843 illa
1752 801 1974 856 infusione,
1998 802 2090 856 ipsa

147 864 291 904 anima
308 861 589 904 damnationis
606 862 850 902 sententiam
871 862 913 902 in
931 875 971 903 se
984 863 1143 915 justam
1161 861 1375 916 accipiens,
1394 862 1560 914 culpam
1577 860 1780 902 contrahit
1803 858 1843 902 a·
1861 868 2036 910 reatum,
2050 860 2090 902 li·

144 935 298 976 poenae
326 928 545 975 perpetuae
562 919 780 974 obliqatur.
818 921 896 963 Nec
931 934 1017 962 cero
1036 934 1130 962 vera
1150 920 1221 961 illa
1238 920 1386 961 Fausti
1406 918 1656 974 Rhegiensis
1674 926 1785 961 sunt.
1819 919 1914 961 Sola
1931 932 2025 960 caro
2045 919 2088 960 in

147 980 307 1022 Adamo
317 979 506 1034 peccavit,
519 978 663 1020 anima
673 979 1057 1033 polluiturproptcr
1074 978 1526 1032 consensumcorporis,
1546 978 1612 1019 cui
1625 978 1880 1032 infunditur.
1902 978 1965 1018 lta
1977 977 2087 1019 enim

145 1053 186 1080 36
202 1052 265 1080 res
287 1038 414 1080 habet.
450 1039 496 1080 Ut
514 1038 608 1091 fons
627 1037 708 1078 loco
726 1051 890 1078 coenoso
907 1051 1143 1092 erumpens,
1160 1038 1309 1079 vitium
1327 1036 1455 1087 habel,
1474 1050 1559 1077 non
1576 1037 1624 1078 ab
1643 1050 1754 1092 aqua
1770 1037 1870 1086 sola,
1891 1050 1962 1077 nec
1979 1044 2087 1078 terra

146 1099 244 1146 sola,
259 1097 329 1139 sed
340 1097 389 1138 ab
412 1103 606 1151 utraque:
623 1095 811 1137 sichomo
824 1109 894 1136 nec
905 1096 954 1137 al)
967 1097 1110 1137 anima
1125 1098 1223 1145 sola,
1237 1110 1308 1138 nec
1319 1097 1343 1136 a
1356 1109 1523 1149 corpore
1539 1097 1636 1144 solo,
1655 1095 1725 1136 sed
1741 1095 1789 1136 ab
1808 1102 1980 1150 utroque
1993 1109 2085 1149 pec-

146 1164 281 1198 catum
294 1163 573 1210 propaqatum
591 1154 742 1208 recipit.
762 1155 817 1196 sic
829 1153 1035 1209 Magister
1048 1155 1365 1196 senbentiarum.
1386 1154 1522 1207 Ipsius
1539 1154 1721 1195 carnalis
1738 1154 2084 1207 concupiscentiae

145 1229 284 1266 causa,
317 1228 389 1257 nec
404 1221 459 1255 est
479 1214 523 1255 in
540 1213 683 1254 anima
702 1215 802 1264 sola,
820 1227 891 1255 nec
909 1214 952 1254 in
968 1227 1091 1255 carne
1107 1215 1208 1263 sola,
1226 1228 1275 1255 esc
1294 1220 1467 1268 utraque
1483 1213 1594 1254 enim
1610 1214 1668 1269 sit.
1706 1212 1919 1265 Quomodo
1938 1213 2085 1253 etenim

142 1281 284 1328 potest,
325 1286 474 1327 corpus
508 1279 553 1314 ut
585 1271 699 1313 Adae
720 1274 854 1314 solum
883 1280 1065 1326 posteros
1105 1272 1272 1329 inficiat,
1307 1285 1401 1313 cum
1422 1285 1508 1312 non
1525 1285 1674 1324 corpus
1692 1271 1762 1312 sed
1778 1271 1923 1312 anima
1945 1270 2085 1325 ipsum

147 1333 357 1375 Adamum
372 1331 572 1386 primitus
589 1329 801 1385 infecerit?
819 1331 882 1372 Ad
899 1331 972 1372 lioc
995 1331 1297 1373 illustrandum
1320 1331 1412 1372 citat
1429 1329 1731 1383 Augustinum.
1766 1329 1861 1372 Non
1886 1330 1966 1384 suit
1999 1343 2084 1370 cor-

147 1392 283 1445 ruptio
306 1390 502 1445 eorporis.
536 1403 640 1444 quae
670 1397 868 1444 anqqravat
906 1390 1110 1441 animam,
1143 1403 1267 1432 causa
1293 1389 1434 1444 prima
1453 1388 1618 1442 peccati,
1641 1388 1711 1429 sed
1723 1402 1881 1443 poena:
1903 1402 1975 1429 nec
1995 1401 2084 1429 cor-

144 1449 353 1503 ruptibilis
390 1462 484 1490 caro
505 1448 694 1490 animam
726 1449 940 1502 peccatrice
969 1449 1072 1503 lecit,
1098 1449 1167 1490 sed
1184 1448 1388 1502 peccatrix
1409 1448 1567 1498 anima,
1590 1461 1757 1488 carnem
1779 1447 2084 1501 corruptibilem

143 1509 245 1563 fecit.
280 1508 330 1550 At
352 1508 388 1549 si
401 1514 613 1562 peccatum
633 1514 895 1562 propaqatur
912 1521 989 1561 per
1005 1508 1194 1549 animam
1217 1507 1337 1558 dices,
1358 1515 1444 1548 tum
1463 1519 1549 1547 non
1566 1513 1728 1547 creatur
1745 1506 1770 1547 a
1786 1513 1940 1560 peccato
1955 1519 2083 1560 pura.-

145 1568 199 1609 ita
231 1575 433 1623 sequetur,
466 1567 601 1608 Deum
635 1566 783 1620 peceati
818 1573 1002 1607 autorem
1041 1580 1136 1607 6336.
1169 1566 1317 1608 Facilis
1349 1566 1446 1607 huic
1477 1564 1517 1607 ἃ·
1538 1565 1724 1619 caepedita
1762 1564 1974 1619 responsio
2011 1572 2080 1606 est.

143 1626 257 1668 Deus
288 1639 374 1667 non
409 1626 543 1667 solum
583 1632 626 1666 ut
658 1632 814 1666 creator
835 1625 1163 1667 considerandus
1185 1639 1210 1666 a
1233 1625 1350 1666 nobis
1373 1632 1440 1674 est,
1460 1623 1669 1665 sedetiam
1688 1624 1888 1677 utjudex.
1919 1624 2083 1665 Creator

142 1692 198 1726 est
230 1685 396 1726 animae
426 1697 505 1739 quo
533 1683 588 1724 ad
623 1683 913 1734 substantiam,
946 1685 1065 1737 cujus
1103 1691 1297 1738 respectu,
1316 1697 1409 1725 cum
1432 1690 1608 1733 creatur,
1626 1696 1736 1735 pura
1758 1690 1826 1723 cst.
1860 1682 1992 1724 JudeJc
2025 1689 2080 1723 est

138 1751 351 1798 praeterea
389 1743 515 1793 Deus,
549 1742 652 1783 dum
670 1742 859 1783 a'nintani
881 1750 1001 1793 creat,
1031 1756 1112 1798 quo
1129 1743 1309 1784 tulliane
1330 1741 1682 1783 circumstantiam
1708 1741 1851 1783 scilicet
1868 1740 1980 1796 quod
1997 1754 2082 1782 non

142 1802 286 1844 anima
324 1801 561 1855 simpliciter
596 1800 631 1841 ei
661 1801 711 1842 sit
742 1801 934 1851 creanda,
964 1801 1033 1842 sed
1050 1802 1177 1843 unius
1194 1816 1243 1842 esic
1261 1800 1371 1842 Adae
1387 1800 1485 1856 siliis
1502 1800 1658 1841 anima.
1685 1799 1804 1854 [pag.
1827 1799 1960 1853 1112]
1994 1799 2080 1840 Hoc

141 1868 322 1915 respectu
344 1861 509 1915 justum
526 1860 561 1901 ei
577 1866 646 1910 est,
665 1860 852 1901 animam
872 1860 1063 1910 deserere,
1081 1860 1219 1915 quoad
1235 1873 1355 1902 suam
1376 1859 1597 1913 imaqincm
1611 1859 1655 1899 in
1673 1858 1837 1900 Adamo
1854 1858 2078 1899 amissam:

139 1934 189 1962 eoe
205 1934 287 1976 qua
305 1919 529 1961 desertione
550 1919 736 1974 sequitur
757 1919 938 1960 carentia
947 1919 1135 1973 justitiae
1161 1918 1390 1972 oriqinalis‚
1419 1931 1467 1959 ese
1485 1931 1567 1972 qua
1589 1917 1769 1958 carentia
1782 1924 1992 1971 peccatum
2013 1916 2076 1970 ip-

139 1993 232 2021 sum
251 1979 451 2033 oriyinale
465 1985 738 2032 propaqatur.
773 1976 929 2019 Paulus
948 1977 1117 2018 Ferrius
1139 1977 1183 2017 in
1200 1976 1448 2018 scholastico
1467 1975 1697 2017 orthodoxo
1720 1990 1809 2028 cap.
1830 1976 1898 2015 20.
1918 1990 1960 2028 p.
1980 1974 2076 2015 195.

140 2038 241 2079 Dico
275 2038 400 2092 iqitur
431 2050 517 2078 non
550 2036 646 2078 dari
677 2036 866 2092 aliquam
902 2050 1071 2079 causam
1108 2037 1262 2079 realeni
1301 2049 1404 2091 quae
1436 2034 1591 2076 actione
1610 2035 1710 2075 reali
1729 2034 1932 2087 producat
1949 2033 2076 2088 ori9i-

140 2097 233 2138 nale
256 2103 465 2151 peccatum
487 2095 532 2137 ‘in
566 2096 771 2150 parvulis.
820 2096 936 2138 Ratio
973 2103 1042 2146 est,
1072 2095 1171 2151 quia
1188 2095 1233 2136 ‘in
1250 2094 1420 2149 formali
1436 2100 1627 2147 conceptu
1641 2100 1851 2147 peccatum
1871 2092 1974 2134 illud
1991 2105 2078 2133 non

139 2162 329 2196 connotat
347 2155 553 2195 entitatem
569 2155 756 2210 aliquam
774 2155 938 2205 realem,
972 2154 1041 2195 sed
1060 2154 1351 2209 privationem,
1372 2160 1412 2194 ut
1430 2153 1586 2193 (lictum
1603 2160 1672 2193 est.
1705 2151 1762 2192 Ei
1779 2153 1948 2204 postea.-
1966 2150 2076 2205 Erqo

139 2214 262 2256 etiam
282 2213 529 2267 impossibile
546 2214 667 2255 talem
686 2213 959 2267 privationem
995 2213 1200 2254 introduci
1218 2226 1293 2266 per
1310 2213 1546 2253 naturalem
1572 2209 1612 2252 ii·
1626 2210 1842 2266 physicam
1865 2209 2074 2264 expulsio-

140 2285 264 2316 nem:
300 2271 340 2313 &
373 2271 458 2313 ideo
490 2272 640 2313 realem
671 2286 754 2313 esse
785 2286 954 2314 causam
972 2273 1059 2327 ejus
1081 2271 1363 2313 traductionis.
1399 2270 1567 2312 Mor-alis
1586 2277 1722 2311 tamen
1739 2270 1878 2319 datur,
1897 2275 2076 2323 quaeest

138 2332 200 2372 vel
210 2332 396 2386 yenerale
409 2337 633 2385 peccatum,
653 2345 732 2386 quo
749 2345 889 2373 omnes
907 2332 952 2372 in
970 2332 1129 2373 Adamo
1148 2330 1419 2385 peccavimus,
1441 2331 1497 2371 vel
1515 2328 1721 2370 naturalis
1740 2327 1996 2382 propaqatio.
2016 2325 2073 2367 Et

137 2390 263 2444 paulo
285 2391 401 2443 post:
438 2389 551 2431 Unde
586 2403 745 2444 quoque
776 2397 884 2444 patet
916 2391 1056 2445 ipsum
1088 2391 1241 2432 actuale
1254 2396 1478 2444 peccatum,
1498 2401 1577 2443 quo
1595 2400 1735 2428 omnes
1749 2386 2007 2440 peccavimus
2029 2385 2076 2427 in

137 2463 194 2499 eo,
213 2448 358 2490 directe
380 2461 551 2489 cmisare
572 2448 686 2489 istud
702 2448 926 2503 oriqinale:
949 2449 1252 2503 [qenerationem
1285 2455 1423 2490 autem
1454 2447 1535 2488 sive
1548 2446 1888 2501 pi·opa2qationem
1912 2451 2074 2485 tantum

137 2507 390 2562 applicativc⁷
424 2506 705 2548 substituendo
742 2507 947 2550 nimirum
974 2507 1213 2562 subjectum,
1240 2507 1378 2562 inquo
1400 2512 1603 2560 peccatum
1626 2503 1729 2546 illud
1744 2516 1959 2546 commune
1972 2515 2073 2557 pro-

138 2566 259 2608 ducat
291 2579 416 2608 suum
447 2568 658 2621 eflectum:
690 2567 879 2620 quamvis
916 2580 1008 2608 vero
1037 2567 1131 2620 jam
1156 2566 1294 2608 multis
1311 2578 1524 2607 annorum
1546 2563 1723 2606 millibus
1743 2561 1964 2612 transierit,
1988 2574 2074 2603 non

137 2625 306 2679 impedit
336 2625 440 2680 quin
470 2624 670 2678 producat
697 2627 895 2680 effectum,
930 2625 1102 2667 moralis
1139 2625 1246 2666 enim
1271 2638 1411 2674 causa,
1430 2636 1515 2664 non
1534 2622 1680 2665 realis:
1702 2621 1902 2663 moralem
1919 2627 2071 2671 autem,

137 2683 240 2725 dum
255 2683 448 2738 producit
465 2686 649 2739 effectum
671 2696 810 2734 suam,
828 2684 994 2726 eoeistere
1010 2697 1096 2725 non
1117 2691 1172 2725 est
1193 2697 1360 2725 neeesse.
1393 2682 1450 2723 Et:
1481 2697 1521 2735 p.
1559 2681 1653 2721 197.
1688 2680 1738 2722 At
1755 2693 1826 2721 nec
1844 2679 1888 2720 in
1907 2691 2073 2732 corpore

137 2742 306 2798 aliquod
336 2742 480 2784 vitium
518 2742 647 2783 inesse
664 2754 887 2796 neqamus:
919 2742 1288 2798 concupiscentiam
1330 2741 1441 2782 enini
1474 2741 1558 2794 ipse
1579 2740 1778 2781 sentimus
1801 2739 1846 2780 in
1863 2750 1985 2780 carne
2001 2749 2071 2778 seu

137 2800 329 2854 infcriori
346 2808 475 2855 parte,
490 2814 593 2856 quac
609 2801 857 2842 sensualitas
879 2801 1049 2844 dicitur:
1069 2801 1117 2843 de
1133 2815 1213 2857 quo
1232 2801 1353 2842 ctiam
1371 2807 1456 2841 tam
1478 2799 1609 2840 multa
1630 2798 1680 2840 D.
1702 2798 1875 2849 Paulus,
1897 2795 1937 2839 ‹96
1951 2807 2070 2860 prae-

1958 2865 2074 2908 cipue
