2399 3084
271 107 354 147 168
447 102 730 147 D1s12.V1.
763 101 843 161 Di:
876 100 1341 142 PROPAGATIONE
1373 100 1633 142 PEccATI
1666 98 2047 145 ORIGINALIS.

275 231 390 284 cipae
422 227 544 269 Rom.
579 227 618 268 7.
654 226 722 268 abi
745 221 927 281 quaitai·
946 226 995 266 de
1012 225 1122 266 mato
1141 223 1397 266 inhabitante
1418 219 1462 260 ia
1484 233 1618 272 carae⁷
1638 221 1678 264 ὃς
1695 231 1953 279 repaynaate
1969 225 2046 279 leq‘i
2061 226 2222 267 mentis.

273 290 321 331 At
362 288 468 329 iltuit
500 286 648 328 vitiam
683 298 770 326 noa
807 298 890 326 esse
925 283 1148 338 positivam
1179 283 1418 338 qualitatem
1456 279 1658 332 diminuis,
1692 283 1762 324 sed
1792 291 1849 325 cst
1867 284 1958 337 ipsa
1975 284 2225 325 sensualitas

273 355 476 403 quatenus
508 353 606 386 nata
640 351 708 394 cst,
737 342 777 385 a
793 357 931 398 prona
953 342 1009 384 ad
1025 356 1111 383 aon
1128 341 1401 383 obediendam
1418 337 1584 389 rationi,
1603 341 1673 382 sect
1689 343 2059 396 conciipisceadmn
2080 350 2225 384 contra

273 414 420 448 rectam
456 404 687 446 rationem:
719 416 805 444 aon
836 416 886 444 ex
908 402 1048 457 aliqua
1066 401 1191 442 insita
1209 399 1406 455 qualitate
1426 411 1517 439 eam
1535 397 1755 451 indicante,
1773 402 1843 442 sed
1864 416 1912 443 esc
1934 402 2114 443 carentia
2126 402 2224 455 jas-

272 466 385 507 tiliae
402 463 633 518 oriqinalis,
651 476 756 517 qaae
773 475 860 503 cam
878 462 1077 516 perfectae
1098 460 1254 501 rationi
1270 456 1516 512 subjiciebat.
1535 455 1900 514 Cloppenburgius
1918 460 1962 500 in
1980 462 2226 514 gangraena

272 524 459 577 theolog.
486 521 756 574 Anabaptist.
776 520 882 574 disp.
904 520 945 561 4.
966 518 1078 561 thesi
1099 519 1165 559 12.
1199 517 1548 558 Remonstrantes
1566 516 1908 560 Dimanatioaem
1925 532 1997 560 sea
2013 512 2225 573 1910111190-

277 584 426 625 tionem
448 581 551 622 mali
567 580 786 634 mamaeam,
825 579 1039 630 (lateteaas
1066 578 1232 634 qaidem
1251 590 1334 617 noa
1353 574 1480 629 male)
1501 574 1571 616 itta
1588 583 1765 618 aatarac
1781 577 2013 619 conditione
2027 591 2156 633 qaam
2178 592 2227 619 θα]

275 642 434 684 Adamo
450 647 676 694 peccatores
700 638 885 689 trahant,
900 652 1004 694 qaae
1019 637 1183 691 privata
1201 636 1304 677 bono
1321 635 1476 690 qratiae
1492 632 1532 675 Rs
1541 635 1710 688 gyloriac,
1728 649 1814 677 non
1825 636 1944 677 aliter
1955 650 2082 690 qaam
2093 644 2224 692 poste-

277 715 342 742 ros
360 699 498 741 eodem
517 699 621 740 bono
636 698 814 752 privatis
825 697 1112 752 proseminare
1123 702 1262 750 potest,
1278 708 1376 748 pag.
1392 693 1460 734 57.
1473 706 1604 734 versa.
1616 693 1680 734 Ex
1694 693 1940 743 Pontificiis‚
1952 694 2127 736 Lotinus
2140 694 2227 736 fere

272 758 582 808 ideminculcat,
614 757 696 798 nisi
711 756 821 812 quod
834 770 1017 797 errorem
1036 755 1083 796 de
1097 756 1267 808 peccato
1280 751 1479 807 originali
1497 751 1638 793 ablato
1657 753 1871 804 admiscet,
1891 756 2161 794 commentar.
2181 753 2225 794 in

272 817 514 859 Ecclesiast.
556 817 622 857 12.
661 816 698 856 7.
738 830 778 869 p.
803 815 902 856 489.
935 814 1099 870 Sufficit
1126 813 1273 867 attinqi
1295 811 1344 853 ab
1369 811 1535 852 homine
1549 819 1768 864 qeneraate
1784 813 1951 854 animae
1972 813 2225 866 conjunctio-

272 891 366 919 nem
383 890 477 918 cam
495 888 676 930 corpore,
701 874 812 929 qaod
834 874 925 928 fecit
947 872 987 915 ἃ·
1004 872 1286 927 praeparavit,
1307 871 1350 912 ia
1369 870 1572 924 ejusmodi
1588 884 1681 912 vero
1692 871 1880 927 yenitam
1896 871 2103 913 hominem
2128 885 2226 913 cam

275 943 427 977 natitra
462 935 553 989 ipsa
586 934 692 976 sabit
726 933 866 974 statim
901 933 1104 986 oriqinale
1121 938 1330 985 peccatam
1350 929 1419 971 toti
1436 936 1614 970 naturae
1631 944 1860 980 commane,
1880 930 1953 972 tali
1967 930 2228 985 yeaeratioae

270 1001 537 1050 propaqatae‚
569 992 702 1047 posita
744 999 866 1033 uetere
898 992 970 1033 illa
1003 990 1083 1031 Dm
1116 992 1210 1044 leqe,
1248 988 1288 1031 10(
1317 995 1434 1043 pacto
1462 1001 1557 1029 eam
1573 989 1710 1041 primo
1727 997 1895 1043 parente
1914 997 2113 1044 tanqaam
2132 1003 2221 1031 cam

274 1055 427 1103 Actor-e,
465 1051 505 1094 ἃ
541 1052 680 1106 Capite
713 1050 836 1092 totias
857 1051 1076 1092 heminam
1098 1049 1287 1103 deinceps
1309 1047 1645 1102 qeneramloram
1667 1048 1959 1098 universitatis,
1979 1048 2064 1089 licet
2082 1048 2227 1089 anima

276 1112 510 1168 qenerantis
533 1118 666 1153 careat
683 1117 840 1165 peccato
859 1109 1070 1162 oriqiaali,
1088 1109 1113 1149 a
1130 1122 1210 1163 qao
1219 1108 1311 1161 jam
1332 1106 1632 1162 sitjastificata.
1666 1106 1723 1147 Et
1755 1106 1812 1147 sic
1830 1106 1917 1147 fere
1941 1106 2228 1149 Bellarminas

277 1172 343 1213 lib.
362 1171 401 1212 4.
421 1171 469 1212 de
487 1170 708 1212 amissione
724 1169 895 1224 qratiam
915 1170 943 1210 81
962 1170 1059 1208 ante
1078 1182 1174 1208 eum
1198 1165 1423 1206 Durandus
1443 1164 1494 1205 ab
1519 1165 1557 1204 2.
1585 1164 1679 1206 dist.
1704 1165 1773 1206 31.
1793 1180 1862 1218 qu.
1887 1166 1925 1206 2.
1945 1164 2018 1206 ubi
2034 1165 2231 1219 rejiciunt

275 1230 446 1272 modum
478 1228 794 1284 propagationis
828 1243 901 1282 per
933 1241 1101 1268 carnem
1120 1224 1432 1268 &infectionem
1451 1223 1616 1264 animae
1641 1238 1690 1264 ex
1712 1238 1860 1265 carne:
1879 1225 1907 1266 &
1925 1224 2097 1265 tandem
2121 1224 2231 1277 quod

276 1290 328 1331 ad
361 1303 570 1330 summam
603 1287 665 1329 rei
696 1286 914 1328 nobiscum
942 1285 1206 1327 concludunt.
1241 1282 1384 1324 Verba
1418 1281 1608 1323 Durandi
1631 1283 1703 1336 (1111
1724 1282 1833 1324 forte
1850 1283 2045 1324 omnibus
2064 1282 2115 1323 ad
2132 1297 2222 1323 ma-

278 1363 379 1389 num
415 1363 498 1388 non
534 1350 609 1397 est,
632 1346 701 1387 hic
719 1346 919 1387 exhibeo:
942 1346 1020 1388 Nec
1035 1345 1155 1385 aliter
1176 1342 1423 1391 tradacitar,
1442 1341 1527 1382 nisi·
1543 1341 1645 1395 qaia
1662 1349 1819 1383 natura
1836 1342 2065 1396 defectuosa
2083 1341 2226 1383 tiada-

276 1408 382 1449 citar
414 1406 463 1448 ab
478 1420 534 1457 eo,
558 1406 630 1461 qai
648 1420 687 1447 se
707 1403 747 1446 st
768 1418 843 1446 'nos
863 1404 982 1459 [pag.
1009 1403 1137 1457 1113]
1157 1401 1400 1456 haja-smodi
1417 1400 1634 1454 defectibas
1655 1414 1704 1442 esc
1727 1414 1805 1442 saa
1832 1402 1955 1455 calpa
1973 1400 2151 1454 subjecit.
2175 1399 2232 1440 Et

277 1468 371 1520 post
389 1465 440 1507 ad
457 1465 552 1507 dist.
572 1465 641 1505 32.
659 1478 727 1517 (111.
743 1465 782 1503 2.
808 1464 919 1505 Talis
931 1470 1081 1512 reatas,
1100 1461 1172 1517 qai
1186 1468 1399 1515 peccatam
1418 1459 1499 1501 dici
1512 1466 1639 1513 potest
1656 1460 1843 1514 provenit
1865 1460 1908 1500 tn
1926 1459 2043 1500 nobis
2057 1459 2231 1513 aprime

275 1532 471 1580 parente:
491 1525 582 1579 ipsa
600 1531 895 1577 tamenpoeaa,
913 1535 1040 1577 qaam
1060 1520 1332 1569 iacarrimaffi
1351 1526 1407 1560 cst
1427 1518 1542 1559 nobis
1562 1532 1587 1559 a
1607 1518 1706 1559 Deo.
1732 1518 1789 1559 Et
1811 1519 1938 1572 paulo
1955 1520 2073 1572 post:
2088 1531 2230 1572 pecca-

279 1592 369 1625 tam
386 1584 599 1638 oriqiiiale,
620 1589 744 1636 proat
762 1581 952 1624 nominat
970 1587 1144 1629 νθαιιιηι,
1164 1592 1249 1621 non
1273 1578 1533 1619 contrahitur
1550 1591 1599 1618 ccc
1617 1577 1691 1619 lioc
1707 1578 1817 1632 qaod
1833 1577 1979 1618 anima
1997 1576 2115 1618 carni
2131 1576 2231 1618 ani-

279 1650 347 1685 tat·
365 1643 545 1684 absolate
571 1640 643 1684 ac.
662 1641 731 1682 scd
748 1640 1006 1682 contraliitar
1024 1652 1098 1693 per
1115 1639 1188 1680 lioe
1205 1637 1316 1694 qaod
1334 1644 1464 1678 totam
1480 1637 1752 1690 compositam
1770 1650 1819 1677 ex
1835 1636 1981 1677 anima
2003 1634 2044 1677 a
2064 1648 2233 1690 corpore

280 1702 514 1744 traclacitar
544 1701 678 1749 modo,
712 1714 793 1755 qao
826 1713 958 1754 sapra
975 1698 1131 1740 (lictilm
1147 1705 1215 1747 est,
1236 1697 1285 1738 ab
1304 1710 1346 1737 eo
1369 1696 1441 1751 qai
1456 1696 1644 1748 peccavit.
1677 1694 1794 1736 Idem
1812 1694 1899 1736 fere
1918 1694 2068 1736 statuit
2085 1694 2230 1737 Scotas

279 1761 334 1803 ad
356 1761 394 1801 2.
415 1761 513 1803 dist.
534 1760 602 1801 32.
636 1759 806 1800 Partem
831 1758 1054 1799 verborum
1077 1756 1164 1810 ejus
1183 1755 1404 1809 exscripsit
1427 1754 1656 1808 Seliarpias
1676 1756 1747 1796 loc.
1772 1755 1834 1796 cit.

340 1819 546 1861 Addimus
564 1818 827 1873 problemata
846 1817 1052 1872 quaedam
1075 1816 1174 1857 111110
1192 1813 1502 1856 controversiae
1522 1813 1680 1854 affinia.
1706 1812 1740 1855 I.
1769 1813 1904 1867 probl.
1938 1811 2006 1854 An
2025 1812 2061 1853 si
2079 1811 2139 1853 ita
2162 1827 2233 1853 ex-

280 1879 472 1934 plicetur,
491 1881 670 1932 utraque
688 1876 880 1931 quaestio
904 1878 928 1916 a
944 1875 1178 1917 Pontificiis
1197 1873 1260 1915 uti
1277 1888 1354 1915 nos
1372 1887 1482 1913 nunc
1501 1872 1778 1926 explicuimus
1801 1873 1830 1915 81
1847 1872 1890 1913 111
1909 1886 2062 1926 genere
2085 1870 2232 1912 utrim-

281 1953 361 1993 que
394 1939 608 1979 statuatur
641 1936 827 1990 pravitas
866 1949 939 1976 seu
971 1934 1182 1988 corruptio
1202 1935 1392 1982 naturae,
1412 1946 1519 1985 quae
1537 1931 1592 1972 sit
1615 1930 1852 1972 formaliter
1869 1930 2071 1985 privati03
2092 1929 2235 1983 aliqua

283 1998 499 2039 remaneat
531 1995 657 2037 realis
690 1994 975 2036 controversia
1016 1993 1203 2034 internos
1237 1992 1266 2033 &
1299 1991 1427 2045 ipsos.
1463 1991 1510 2033 R.
1552 1991 1585 2033 A
1593 1993 1638 2046 ff
1673 1989 1772 2043 quia
1805 1990 1886 2044 ipsi
1909 1990 2077 2045 (saltem
2100 1988 2229 2043 pleri-

284 2056 381 2110 que)
405 2054 687 2109 privationem
719 2054 838 2094 illam
857 2053 1119 2094 constituunt
1146 2052 1189 2092 in
1207 2050 1373 2092 defectu
1391 2049 1487 2091 doni
1504 2064 1580 2103 per
1599 2064 1642 2089 se
1660 2048 1993 2103 supernaturalis
2012 2049 2132 2103 (puta
2150 2047 2231 2088 ori-

284 2114 438 2169 ginalis
457 2113 682 2168 justitiae),
707 2127 789 2168 (1110
807 2112 980 2153 absente
998 2111 1124 2152 homo
1147 2113 1291 2151 tamen
1312 2109 1469 2150 habeat
1488 2108 1669 2149 liberum
1701 2107 1926 2149 arbitrium
1959 2107 2011 2147 ad
2028 2107 2185 2148 bonum
2204 2107 2232 2148 81

284 2174 335 2214 ad
371 2173 543 2214 malum.
578 2171 687 2213 Vide
721 2171 967 2213 Bellarmia.
1003 2172 1075 2212 loc.
1107 2170 1172 2211 eit.
1205 2168 1245 2211 86
1267 2170 1386 2222 Grefs.
1406 2168 1454 2209 de
1486 2167 1664 2209 Valentia
1683 2167 1738 2208 ad
1763 2167 1799 2223 1„
1821 2167 1861 2207 2.
1881 2166 1986 2220 disp.
2012 2166 2051 2207 6.
2076 2172 2234 2221 qaaest.

287 2232 353 2273 15.
372 2239 523 2287 paacto
549 2232 585 2272 1.
607 2230 794 2284 aliosque
818 2232 841 2271 a
864 2230 1023 2271 duobus
1047 2229 1132 2269 illis
1151 2228 1314 2269 citatos.
1349 2226 1405 2267 Et
1422 2225 1564 2267 confer
1587 2240 1636 2266 ex
1669 2224 1822 2266 nostris
1852 2225 2128 2268 Wittalceram
2157 2231 2236 2266 toto

284 2291 350 2333 tib.
391 2293 428 2332 2.
467 2292 685 2345 praeterea
713 2289 939 2344 positivam
955 2287 1271 2329 inclinationem
1295 2301 1367 2327 seu
1384 2284 1706 2339 propensionem
1724 2284 1775 2325 ad
1792 2284 1965 2335 malum,
1984 2284 2127 2325 dicunt
2145 2297 2234 2324 esse

286 2350 502 2403 appetitus
539 2348 751 2390 inferioris
790 2362 863 2389 seu
902 2346 1203 2396 sensualitatis,
1244 2346 1308 2387 810.
1342 2359 1426 2385 non
1464 2343 1717 2385 voluntatis:
1752 2343 1862 2397 qnod
1892 2357 1967 2384 nos
2005 2343 2102 2397 Neq.
2127 2341 2235 2383 Vide

297 2409 569 2452 Wittalceram
588 2408 655 2450 lib.
678 2407 716 2449 1.
734 2408 760 2448 a
776 2420 864 2461 cap.
886 2407 922 2448 1.
942 2419 1072 2461 vasqae
1091 2406 1147 2447 ad
1163 2406 1302 2462 [inem.
1337 2403 1515 2456 Insuper
1538 2401 1748 2443 defectum
1761 2401 1953 2456 justitiae
1970 2399 2189 2455 originalis
2207 2400 2237 2442 &

287 2467 534 2508 destitutum
553 2466 791 2521 appetitum
809 2465 1058 2507 sensitivum
1082 2464 1310 2505 secundum
1329 2477 1372 2503 se
1393 2461 1673 2503 consideratos
1693 2461 1839 2502 volunt
1857 2460 2014 2501 habere
2028 2458 2234 2500 rationem

287 2540 444 2579 poenae
468 2528 634 2566 tantum
656 2526 685 2567 &
713 2539 795 2565 non
809 2525 978 2578 culpae;
999 2524 1071 2565 sed
1082 2523 1192 2577 quod
1205 2521 1432 2564 secundum
1447 2519 1725 2561 extrinsecam
1738 2518 2119 2560 denominationem
2131 2531 2238 2571 quo-

289 2584 508 2625 dammodo
522 2584 677 2625 habeat
697 2583 904 2624 rationem
917 2583 1078 2636 culpae,
1099 2584 1306 2635 quatenus
1323 2580 1392 2621 hic
1410 2579 1596 2620 defectus
1614 2577 1796 2619 refertur
1813 2578 1865 2618 ad
1890 2576 2073 2631 primum
2090 2590 2235 2630 pecca-

288 2644 380 2682 tum
399 2641 564 2693 Adanu,
579 2644 603 2683 a
620 2657 701 2696 quo
718 2657 793 2695 per
810 2642 1004 2683 vitiatam
1022 2641 1230 2696 originem
1248 2638 1503 2694 producitur.
1538 2636 1607 2679 Sic
1632 2637 1809 2679 leomas
1829 2636 1866 2677 1.
1883 2636 1921 2676 4.
1936 2649 2003 2691 qa.
2019 2634 2086 2676 82.
2102 2642 2180 2676 art.
2196 2634 2234 2674 4.

301 2700 513 2755 Viqaerias
537 2701 579 2741 in
597 2701 730 2742 Iastit.
749 2714 836 2754 cap.
853 2700 920 2741 18.
941 2701 977 2755 §-
998 2701 1035 2741 5.
1060 2714 1163 2741 vers.
1185 2700 1222 2740 1.
1240 2700 1312 2754 fol.
1333 2697 1430 2738 244.
1470 2697 1589 2746 Quod
1605 2711 1679 2737 nos
1697 2710 1779 2737 non
1798 2694 2072 2736 concedimus.
2105 2692 2237 2734 Deni-

294 2772 373 2811 que
396 2757 561 2800 finitum
584 2758 727 2800 dicunt
750 2774 838 2800 esse
857 2759 1136 2813 adiaphorum
1153 2759 1254 2813 quid
1271 2759 1300 2800 &
1318 2756 1532 2799 occasione
1550 2755 1737 2810 peccati:
1762 2754 1834 2795 sed
1850 2752 2016 2807 proprie
2034 2753 2063 2795 81
2080 2751 2237 2793 forma-

291 2816 388 2858 liter
405 2830 488 2857 non
506 2831 595 2858 esse
614 2820 847 2871 peccatum.
882 2816 937 2860 11.
973 2817 1116 2860 Probt.
1137 2817 1248 2867 Quid
1267 2818 1315 2858 110
1339 2814 1550 2858 sententia
1569 2813 1758 2856 Arminii
1777 2812 2050 2855 statuendum
2067 2810 2110 2852 in
2127 2810 2236 2910 αξξ.
