2399 3084
262 89 340 129 134
450 88 585 129 DlsP.
618 85 672 127 V.
706 84 781 126 AN
814 84 1076 126 Gnalsrus
1109 99 1210 132 QUA
1242 83 1525 126 ME1>1ATOR
1557 99 1633 126 sir
1666 85 2014 130 AnoaAnnus‘?

261 211 365 253 mini
401 209 661 251 eruditorum
693 206 940 261 subjectam,
973 206 1079 248 haut
1109 221 1261 260 parum
1293 207 1554 258 contrahere,
1587 209 1661 248 aut
1682 207 1913 250 incrustare
1935 213 2151 261 conantur,
2169 210 2204 252 si

262 285 342 311 non
375 267 568 309 absurdis
597 267 721 321 longe
740 265 1056 307 absurdioribus
1074 265 1299 306 cumulatis
1321 265 1548 307 infeliciter
1571 281 1663 307 eam
1681 266 1902 309 defendere
1919 268 2063 310 velint.
2105 269 2205 311 Pos-

258 331 356 370 sunt
373 328 402 369 81
426 326 534 367 aliae
553 325 831 379 particulares
854 339 1004 366 causae
1026 323 1295 365 intervenire.
1317 325 1355 364 1.
1379 324 1627 379 Ignorantia
1648 325 1802 367 mentis
1821 327 1850 368 ἃ
1867 326 2113 369 intentionis
2131 328 2204 373 ad-

259 385 538 428 versariorum
555 398 563 424 :
583 398 677 425 cum
696 398 751 425 sc.
774 398 918 424 omnes
939 383 1211 437 hypotheses,
1235 383 1535 435 conclusiones,
1554 385 1583 426 &
1601 386 1711 425 artes
1736 399 1879 426 eorum
1900 386 2085 427 nondum
2102 386 2205 428 satis

258 446 500 500 perspectae
534 444 645 483 sunt.
672 443 710 483 2.
730 441 978 496 Ignorantia
996 441 1287 492 terminorum,
1306 444 1398 482 tum
1416 457 1466 483 ex
1485 458 1562 484 usu
1580 443 1927 493 adversariorum,
1946 447 2038 486 tum
2056 460 2105 486 ex
2127 461 2206 486 usu

260 504 511 553 scholarum,
545 516 648 555 quos
675 501 867 542 adhiberi
885 516 1052 542 necesse
1074 502 1136 541 est
1152 500 1197 541 in
1213 500 1637 556 ventilationehujus
1660 502 1958 555 problematis:
1994 504 2093 545 hinc
2115 504 2206 546 fieri

259 578 341 603 non
374 563 526 616 potest,
560 560 661 614 quin
684 575 727 601 se
753 561 781 602 St
803 560 907 601 alios
924 559 1155 614 implicent,
1179 574 1406 613 omnesque
1424 563 1648 614 conceptus
1671 576 1767 602 suos
1784 561 2065 611 confundant;
2084 578 2206 616 prae-

261 621 405 663 sertim
424 620 459 661 si
479 619 672 660 strictum
689 620 719 661 &
737 621 907 660 cautum
924 618 1201 660 terminorum
1219 633 1342 659 usum
1359 634 1512 672 susque
1531 620 1662 673 deque
1679 620 1877 661 habeant.
1903 621 1941 661 3.
1961 620 2208 675 Ignorantia

260 680 446 721 thesium
484 678 761 732 quarundam,
790 680 864 718 aut
881 677 1107 727 rationum,
1126 679 1199 718 aut
1217 677 1534 719 distinctionum
1553 677 1922 733 Theologicarum‚
1943 694 2049 732 qnae
2066 680 2209 734 aliqua

260 739 421 780 ratione
453 737 561 779 hanc
593 736 922 778 controversiam
955 736 1185 790 attingunt.
1220 736 1258 777 4.
1289 735 1415 778 Forte
1435 738 1463 779 &
1481 737 1623 791 aliqua
1642 737 1867 788 contentio,
1886 738 1938 778 ad
1954 738 2057 780 haec
2073 739 2205 780 nimia

261 797 443 838 facilitas
471 798 499 838 &
521 795 753 846 temeritas,
771 795 815 836 in
833 795 928 836 aliis
951 795 1148 849 carpendi
1172 810 1233 845 ea,
1253 809 1359 848 quae
1377 798 1477 836 tunc
1494 811 1577 837 non
1595 796 1780 850 capiunt,
1800 799 1873 837 aut
1896 797 1945 837 de
1963 797 2116 850 quibus
2135 813 2208 838 an-

261 856 384 898 tehac
400 870 482 896 non
501 855 754 910 cogitarunt.
780 854 818 894 5.
840 854 956 902 Quod
976 854 1010 894 si
1027 853 1261 907 pertinacia
1279 853 1308 894 &
1325 854 1480 895 nimius
1498 859 1574 892 τῶν
1590 855 1688 892 ἰδίων
1705 870 1822 896 amor
1840 858 1965 909 atque
1985 856 2207 897 admiratio

262 915 494 964 accesserit,
527 913 571 954 in
605 913 786 954 absurda
819 914 940 967 plura
957 912 1160 963 incidunt,
1180 913 1209 954 81,
1233 927 1348 953 error
1365 928 1547 954 errorem
1565 914 1711 955 trahit.
1746 913 1876 955 Porro
1894 914 1994 955 viris
2017 915 2148 956 doctis
2168 915 2209 956 in

263 972 537 1015 dissolvendis
566 972 769 1026 ejusmodi
786 972 905 1013 nodis
922 986 1224 1025 nonnunquam
1242 972 1548 1013 inconsiderate
1567 974 1595 1015 &
1618 973 1848 1026 periculose
1867 973 1977 1014 dicta
1995 974 2209 1023 excidisse,

263 1048 345 1074 non
379 1032 534 1072 mirum
566 1033 640 1081 est,
661 1031 705 1071 in
726 1031 805 1072 hac
827 1031 1014 1071 humana
1036 1031 1283 1071 infirmitate
1303 1032 1332 1073 St
1354 1031 1550 1085 caligine.
1585 1032 1649 1072 Ex
1667 1035 1755 1073 tota
1773 1032 1989 1087 theologia
2008 1033 2211 1086 ejusmodi

264 1090 616 1132 hallucinationes
631 1104 714 1130 non
737 1089 976 1144 colligimus
994 1104 1002 1130 ε
1037 1090 1249 1131 suffecerit
1268 1105 1395 1130 unam
1413 1092 1539 1143 atque
1563 1091 1742 1131 alteram
1759 1091 1964 1132 indicasse
1982 1091 2025 1131 in
2045 1092 2210 1144 proble-

265 1153 378 1191 mate
396 1150 445 1190 de
468 1148 711 1190 adoratione
730 1149 912 1190 Christi:
947 1148 1021 1189 nbi
1041 1148 1203 1204 Martyr
1220 1149 1249 1190 &
1266 1150 1441 1191 Dtmetts
1462 1158 1605 1191 eontra
1629 1150 1907 1204 L‘biqaitarios
1929 1149 1973 1190 in
1990 1150 2077 1191 acie
2096 1152 2211 1191 stan-

266 1213 342 1259 tes,
375 1209 476 1249 duas
495 1208 685 1249 fecerunt
702 1207 967 1249 adorationes
985 1207 1165 1257 Christi3
1199 1207 1304 1248 ille
1294 1223 1336 1248 m
1358 1210 1499 1250 Genes.
1523 1209 1589 1250 18.
1614 1209 1637 1248 2
1645 1208 1751 1249 .iste
1771 1223 1814 1249 111
1831 1209 2054 1250 assertione
2070 1217 2213 1251 contost

268 1267 462 1310 Jacobum
494 1267 686 1308 Andreae
710 1281 752 1321 2).
774 1267 842 1307 37.
863 1267 931 1307 38.
956 1265 1083 1307 Forte
1101 1266 1241 1307 idem
1230 1282 1272 1307 m
1292 1266 1433 1308 animo
1456 1267 1606 1308 habuit
1624 1266 1855 1318 Alstedius,
1877 1282 1971 1308 cum
1994 1267 2037 1308 in
2058 1267 2213 1323 Logica

268 1327 473 1381 Toholoe.
510 1341 544 1367 c.
571 1326 637 1366 20.
658 1327 694 1380 §-
717 1325 782 1366 16.
802 1325 1026 1366 scriberet
1060 1326 1093 1367 A
1112 1327 1225 1368 (ulta
1244 1326 1483 1367 mectiatofes
1496 1327 1685 1383 proprio,
1707 1341 1790 1368 non
1806 1327 1911 1368 valet
1928 1327 2216 1382 constqtteatict

268 1386 323 1428 att
339 1386 497 1427 cultum
514 1385 593 1427 Dei
608 1386 844 1440 propriam.
876 1385 1120 1438 Λ(ι11ι]11·ι”ο1·
1136 1385 1203 1426 ille
1220 1393 1275 1426 est
1293 1384 1448 1435 ἁξὶωαα
1465 1399 1508 1422 τε
1515 1390 1533 1422 ’3
1549 1388 1599 1423 ss
1603 1386 1827 1433 κνῖὴσὼπευε
1843 1386 2047 1439 posterior
2062 1393 2118 1427 est
2142 1389 2216 1423 >otu

269 1448 371 1492 τρεὶκ
387 1451 672 1485 sacrosanctae
690 1444 868 1485 trinitati
884 1443 1027 1485 debita.
1051 1444 1241 1485 Amesius
1259 1459 1386 1484 unam
1395 1441 1573 1497 quidem
1591 1444 1692 1485 facit
1710 1444 2011 1495 adorationem,
2026 1445 2097 1486 sed
2110 1459 2217 1498 quae

270 1506 364 1558 post
395 1503 729 1543 incarnationem
763 1502 922 1544 Christi
956 1502 1090 1543 variet
1122 1503 1174 1543 ab
1208 1502 1450 1544 adoratione
1478 1503 1566 1556 ejus
1584 1518 1632 1543 an
1640 1506 1680 1544 te
1699 1503 2042 1553 incarnationem,
2063 1504 2216 1557 quippe

271 1577 377 1616 quae
409 1576 520 1603 nnnc
550 1561 626 1602 fiat
658 1562 734 1602 sub
768 1562 842 1602 illo
876 1561 1045 1601 formali
1072 1576 1155 1614 qua
1172 1561 1390 1603 mediator.
1412 1560 1501 1602 Alii
1519 1577 1645 1602 unam
1663 1561 1807 1603 itidem
1826 1562 2127 1613 adorationem,
2146 1562 2218 1603 sed

273 1636 379 1674 quae
397 1621 538 1675 plures
557 1620 714 1661 habeat
731 1620 915 1662 rationes
934 1620 1131 1661 formales
1156 1621 1222 1675 (de
1241 1635 1323 1673 qua
1340 1620 1534 1674 opinione
1553 1620 1681 1673 infra)
1697 1635 1704 1661 :
1740 1621 1812 1674 qui
1830 1635 1973 1662 omnes
1991 1621 2133 1674 aliqua
2149 1636 2217 1662 ra-

272 1681 384 1721 tione
420 1679 672 1720 cothurnum
706 1679 823 1734 [pag.
850 1679 956 1733 544]
986 1679 1253 1744 suppeditare
1287 1682 1359 1720 aut
1393 1679 1629 1733 relinquere
1647 1679 1841 1720 videntur
1860 1680 2123 1728 adversariis,
2141 1679 2218 1721 sub

272 1753 354 1792 quo
373 1739 504 1779 latere
523 1738 705 1792 possint;
727 1753 802 1779 nec
820 1738 883 1779 dir
887 1737 1003 1779 ecte
994 1737 1045 1778 lis
1063 1753 1278 1779 occur··1e1e
1295 1738 1502 1789 videntur,
1523 1741 1620 1779 a·ut
1614 1739 1665 1779 ad
1682 1741 1866 1780 mentem
1885 1754 2029 1780 eorum
2046 1754 2219 1792 respon-

272 1798 394 1838 dere·
386 1830 394 1846 ,
428 1797 499 1838 sed
532 1797 671 1851 potius
703 1798 797 1838 lusu
835 1796 1027 1851 ambigui
1051 1811 1182 1851 pugn
1170 1812 1238 1838 am
1261 1797 1406 1838 declin
1400 1812 1483 1846 tre,
1503 1798 1689 1838 contenti
1712 1797 1915 1851 petitione
1935 1799 1963 1840 ἃ
1982 1798 2218 1852 sumptione

273 1857 373 1910 (jus,
409 1856 518 1909 quod
551 1859 614 1897 est
643 1856 684 1896 in
705 1856 976 1910 quaestione;
1001 1871 1051 1897 ne
1070 1856 1205 1896 dicam
1223 1872 1291 1897 eos
1310 1856 1362 1896 ab
1381 1856 1577 1909 analogia
1596 1857 1710 1897 elent
1705 1856 1822 1897 ticae
1839 1859 2078 1897 nostrorum
2096 1856 2218 1897 theo-

273 1915 410 1969 logiae
431 1916 459 1956 &
479 1915 682 1955 laudabili
699 1915 970 1955 scholar'um
955 1928 1005 1953 αν
1006 1914 1104 1962 ,ε’σιβ
1096 1929 1130 1951 ιν.
1145 1915 1187 1955 in
1205 1915 1333 1965 hisce,
1353 1917 1426 1955 aut
1443 1910 1642 1956 affinibus
1663 1915 1952 1969 problematis,
1970 1915 2111 1968 aliquo
2134 1930 2218 1956 mo—

274 1974 324 2013 do
343 1973 564 2023 discedere,
584 1974 708 2027 idque
731 1974 819 2014 sine
838 1974 924 2014 ulla
940 1974 1203 2015 necessitate.
1223 1949 1342 2022 Quod
1354 1989 1448 2015 cum
1461 1974 1844 2015 animadverterent
1855 1973 2063 2029 Theologi
2076 1989 2219 2015 recen-

274 2032 415 2082 tiores,
449 2032 602 2085 quibus
630 2033 673 2073 in
706 2032 999 2074 controversiis
1033 2032 1267 2074 Socinianis
1300 2033 1521 2073 subactum
1554 2035 1582 2075 ἃ·
1607 2033 1882 2074 exercitatum
1900 2035 1963 2074 est
1985 2033 2218 2087 ingenium,

215 2092 220 2096 ”
276 2091 523 2144 tempestive
556 2091 897 2132 intercedendum
931 2094 1156 2145 putarunt;
1190 2107 1242 2133 ne
1268 2091 1368 2145 quid
1384 2092 1494 2132 bona
1511 2106 1635 2132 causa
1653 2091 1895 2133 detrimenti
1912 2094 2097 2145 caperet:
2117 2106 2220 2145 quo-

277 2165 368 2190 rnm
407 2150 659 2190 sententiam
689 2152 717 2192 ἃ
739 2150 983 2191 institutum
1002 2166 1076 2191 nos
1095 2166 1189 2191 cum
1206 2150 1398 2204 pluribus
1416 2150 1792 2203 praestantissimis
1811 2150 2021 2205 theologis
2040 2150 2221 2192 libenter

277 2209 517 2262 probamus.
538 2211 591 2249 Et
607 2209 711 2250 haec
728 2209 931 2250 hactenus
951 2210 1000 2250 de
1020 2210 1234 2251 occasione
1257 2211 1285 2251 St
1304 2208 1555 2250 formatione
1572 2209 1697 2263 hujus
1715 2209 2002 2263 problematis.

337 2265 380 2310 4.
410 2267 473 2307 De
492 2270 703 2308 momento
722 2268 750 2309 ἃ
767 2268 949 2322 pondere
966 2268 1091 2323 hujus
1109 2268 1396 2322 problematis,
1416 2266 1451 2307 si
1469 2268 1557 2309 scil.
1576 2268 1681 2308 illud
1698 2268 1856 2317 dextre,
1875 2271 1948 2309 aut
1965 2268 2103 2309 minus
2122 2268 2220 2309 dex-

278 2329 341 2366 tre
375 2326 618 2379 explicetur,
651 2329 736 2367 tres
774 2330 871 2367 sunt
901 2327 1131 2380 opiniones,
1155 2327 1260 2367 duae
1279 2328 1504 2374 extremae,
1524 2328 1650 2368 tertia
1672 2326 1823 2376 media.
1842 2326 1873 2368 Ι.
1894 2329 1957 2368 est
1975 2342 2131 2377 eorum,
2149 2326 2221 2380 qui

279 2385 472 2425 videntur
504 2385 785 2426 necessarium
817 2388 966 2439 putare
1000 2389 1046 2426 ut
1083 2386 1176 2440 quis
1211 2386 1262 2426 ad
1295 2385 1483 2426 debitum
1518 2385 1721 2426 honorem
1739 2385 1906 2427 Christo
1924 2385 2220 2436 exhibendum,

281 2445 564 2484 affirmantem
583 2444 836 2485 sententiam
854 2459 947 2485 cum
965 2444 1067 2498 ipsis
1090 2447 1273 2485 tueatur.
1306 2444 1530 2498 (limusque
1548 2444 1651 2485 hacc
1668 2444 1796 2485 verba
1813 2459 1888 2485 sua
1905 2443 2073 2485 extendi
2090 2443 2222 2484 velint

282 2502 450 2555 ignoro:
486 2502 688 2543 hactenus
720 2506 859 2543 tamen
890 2503 1002 2544 malo
1035 2503 1189 2544 sentire
1209 2518 1277 2543 eos
1301 2518 1349 2543 ex
1368 2518 1442 2543 sua
1459 2503 1654 2556 opinione
1674 2505 1799 2557 (qnae
1816 2517 1944 2557 quam
1961 2517 2072 2552 vera,
2096 2517 2222 2556 quam

283 2563 374 2600 tuta
390 2561 456 2611 sit,
477 2560 587 2601 infra
610 2561 837 2614 videbitur)
855 2562 966 2602 nolle
984 2562 1121 2603 facere
1135 2563 1286 2616 dogma
1300 2561 1641 2613 ecclesiasticum,
1654 2577 1706 2603 ne
1719 2562 1887 2615 quidem
1900 2561 2196 2602 scholasticum
2212 2576 2220 2610 ;

285 2620 312 2659 ἃ
352 2618 408 2658 sie
446 2634 589 2660 omnes
621 2620 744 2660 aliter
777 2620 1005 2661 sentientes
1023 2619 1260 2670 &afflegem
1281 2620 1480 2674 stigmate
1497 2623 1657 2661 notare.
1695 2620 1777 2661 Sed
1793 2623 1935 2661 tamen
1953 2620 2222 2660 metuendum

285 2679 360 2723 est,
396 2691 445 2717 ne
477 2677 568 2717 istis
587 2679 615 2718 ἃ
637 2678 845 2720 similibus
869 2694 1011 2720 eorum
1029 2678 1254 2732 phrasibus
1272 2679 1502 2719 abutantur
1523 2679 1715 2720 nonnulli
1733 2681 1798 2734 (ut
1815 2678 1938 2719 facile
1957 2680 2020 2719 est
2040 2678 2222 2719 inventis

287 2734 445 2787 aliquid
478 2735 660 2787 addere),
684 2738 815 2790 quiin
834 2737 1074 2792 ignorantia
1092 2752 1167 2778 sua
1189 2737 1444 2791 praesidium
1466 2740 1641 2791 ponunt,
1661 2737 1690 2779 &
1708 2752 1802 2779 cum
1824 2736 2024 2778 terminos
2042 2739 2115 2778 aut
2137 2741 2222 2778 sta-

287 2795 378 2833 tum
396 2795 699 2836 controversiae
716 2811 767 2836 ne
786 2796 996 2837 levissime
1020 2796 1186 2850 quidem
1207 2796 1493 2851 degustarint:
1514 2797 1641 2838 immo
1659 2811 1734 2838 nec
1751 2796 1907 2838 discere
1927 2795 2070 2844 velint,
2090 2795 2222 2850 magi-

2038 2854 2224 2896 straliter
