2399 3084
244 116 296 157 76
551 117 947 160 DISP.IV.DE
980 120 1405 162 NECESSITATE
1438 137 1499 163 ET
1531 121 1874 164 UTILITATE

241 241 303 283 vis
341 243 505 295 partem
539 241 659 296 [pag.
694 242 799 297 469]
837 258 920 284 non
936 243 998 285 ita
1017 244 1237 286 conveniat
1255 245 1472 289 disserere.
1496 261 1578 287 non
1595 246 1771 301 impedit
1787 250 1929 289 tamen
1951 263 2065 290 error
2084 248 2194 290 circa

240 300 377 341 illam:
398 315 479 354 quo
497 299 636 341 minus
658 301 751 354 quis
768 301 812 342 in
830 303 1164 345 communionem
1188 304 1459 346 ecclesiastici
1476 308 1617 346 coetus
1635 305 1877 360 recipiatur,
1896 309 1968 347 aut
1985 307 2194 361 siquidem

242 359 425 400 existens
454 359 542 412 jam
562 360 797 401 membrum
815 361 1012 402 ecclesiae
1031 363 1083 403 ad
1101 377 1283 404 errorem
1303 363 1425 404 illum
1450 364 1631 413 deflexit,
1650 364 1693 405 in
1712 380 1760 406 ea
1777 365 2023 407 retineatur.
2058 366 2192 415 Quae-

241 418 348 458 ritur
381 420 522 458 autem
541 420 635 459 utra
652 419 879 460 necessitas
903 420 970 461 hic
992 421 1270 476 intelligatur.
1304 421 1395 463 Nos
1413 423 1745 477 praesupposito,
1765 439 1929 478 semper
1952 440 2021 466 eas
2044 425 2193 466 distin-

241 476 328 531 gui,
349 478 377 518 &
395 476 550 517 alicubi
569 478 756 531 separari
771 494 779 527 3
799 479 866 520 hic
883 482 1025 521 tamen
1043 482 1265 534 utramque
1283 482 1588 535 conjungimus,
1614 484 1642 524 Sc
1661 483 1888 524 statuimus
1905 486 1993 524 tam
2011 484 2062 524 ad
2080 484 2193 525 salu-

241 538 325 576 tem
360 538 576 576 aeternam
595 551 668 577 5011
687 537 897 578 internam
915 539 1251 580 communionem
1268 555 1361 580 011111
1385 541 1524 594 gratia
1543 541 1571 582 &
1590 541 1726 594 gloria
1744 541 1836 588 Dei,
1861 557 1987 595 quam
2011 543 2063 583 ad
2081 557 2194 583 com-

240 594 480 635 munionem
518 597 736 637 externam
759 611 853 637 01101
876 597 1049 638 ecclesia
1068 598 1224 639 visibili
1243 600 1271 640 81
1288 599 1534 652 particulari
1553 600 1724 653 ejusque
1747 600 1982 655 privilegiis
1999 616 2193 642 necessa-

241 653 351 694 rium
370 668 472 700 esse,
492 656 539 694 ut
557 654 650 707 quis
669 656 788 696 corde
812 656 954 697 credat
972 657 1001 698 ἃ
1019 672 1089 698 010
1108 657 1357 698 confiteatur
1374 659 1622 712 mysterium
1641 658 1876 700 Trinitatis.
1911 659 2194 701 Confessionis

241 714 383 753 autem
417 714 446 754 St
483 713 734 767 cognitionis
772 714 993 757 evidentia.
1018 716 1265 766 constantia,
1290 717 1474 767 ubertas,
1499 732 1626 770 quam
1643 717 1911 759 latitudinem
1929 718 2139 766 admittat,
2164 721 2193 761 &

241 771 449 824 quomodo
480 771 681 825 gradibus
706 773 892 814 varietur
912 774 1106 816 distincte
1124 775 1400 816 indicavimus
1419 776 1463 816 in
1488 777 1695 829 Dispztlut-
1716 777 1838 818 modo
1860 777 1928 818 cit.
1950 778 1998 818 (lc
2014 778 2128 819 artic.
2154 777 2194 820 bt·

240 844 369 871 error.
389 830 793 884 fumlcm‘zentalibus.
818 831 1164 875 Remonstrantes
1182 834 1415 876 doctrinam
1432 835 1540 876 1111110
1558 835 1719 876 faciunt
1738 836 2095 888 problematicam,
2114 836 2193 878 hoc

241 891 318 938 est,
353 889 496 935 talem,
536 892 583 930 ut
614 890 772 932 veritas
807 891 896 945 ejus
914 892 1162 946 simpliciter
1184 893 1385 947 ignorari,
1404 894 1575 948 insuper
1596 894 1842 940 rationibus,
1864 895 2192 949 exceptionibus,

241 947 398 989 adhaec
434 949 744 1002 consequentiis
776 950 819 990 in
851 951 1053 992 Ecclesiis
1082 952 1334 993 Christianis
1353 954 1539 994 modeste
1558 953 1646 994 scil.
1665 953 1914 1007 oppugnari,
1935 955 1964 995 &
1983 955 2193 995 contraria

241 1007 449 1047 sententia
486 1008 664 1061 proponi
702 1011 826 1061 atque
859 1011 1003 1065 urgeri
1040 1011 1185 1065 possit,
1220 1012 1337 1053 salva
1371 1012 1522 1053 unione
1553 1014 1581 1054 ἅ*
1604 1012 1870 1053 fraternitate
1894 1013 2189 1054 ecclesiastica.

242 1064 369 1106 Ratio
402 1069 544 1107 autem
576 1067 782 1120 palmaria
810 1069 914 1110 haec
932 1072 1008 1114 est,
1033 1070 1132 1123 quia
1149 1070 1352 1111 hactenus
1369 1070 1433 1111 illi
1456 1072 1621 1112 credere
1644 1086 1726 1111 non
1744 1074 1932 1125 possunt,
1955 1086 2030 1112 1100
2048 1074 2071 1112 a
2094 1087 2191 1126 quo-

242 1139 369 1178 quam
406 1125 630 1178 probatum
646 1126 802 1172 vident,
825 1127 963 1169 Deum
992 1128 1369 1170 Anti—Trinitarios
1388 1132 1411 1170 a
1433 1130 1569 1171 salute
1588 1130 1822 1178 excludere,
1840 1132 1868 1172 &
1887 1134 2190 1184 consequenter

241 1183 337 1224 illos
370 1185 394 1224 a
410 1183 598 1225 fraterna
617 1186 906 1228 communione
929 1187 1143 1229 Ecclesiae
1162 1204 1244 1229 non
1261 1203 1350 1229 esse
1375 1189 1585 1230 arcendos.
1605 1188 1725 1230 Hanc
1747 1189 1985 1243 opinionem
2004 1190 2190 1243 ipsorum

243 1242 417 1297 colliges
453 1243 591 1297 primo
629 1259 679 1284 ex
711 1245 911 1300 Apologyia
939 1261 1024 1300 cap.
1052 1248 1091 1287 3.
1109 1248 1178 1302 fol.
1200 1248 1267 1288 53.
1287 1248 1380 1288 0011.
1400 1263 1494 1288 01101
1515 1248 1773 1302 praefatione
1791 1249 1841 1291 Ν.
1861 1249 1910 1291 Ν.
1929 1249 1984 1289 ad
2007 1250 2189 1291 Hemon-

243 1309 434 1352 slrantes,
470 1303 689 1357 apologiae
722 1305 967 1357 praemissa,
1001 1306 1119 1360 siquo
1155 1306 1193 1346 2.
1227 1307 1297 1361 fol.
1316 1321 1432 1348 verso
1464 1307 1521 1347 Et
1539 1302 1635 1348 ib‘id.
1658 1307 1848 1348 examine
1862 1308 2039 1362 praefat.
2059 1309 2130 1362 fol.
2150 1308 2190 1349 6.

242 1374 356 1402 verso
378 1360 504 1415 35101.
533 1362 599 1403 19.
618 1363 778 1404 Deinde
797 1379 847 1404 ex
865 1365 1089 1418 Responsio
1107 1366 1162 1406 ad
1179 1367 1383 1421 Eoecerpla
1401 1366 1499 1408 DD.
1518 1366 1682 1408 Proses.
1707 1367 1776 1407 85.
1802 1368 1837 1408 Τ
1833 1367 1933 1408 ertio
1957 1381 2007 1407 ex
2040 1367 2190 1409 Veclelio

244 1420 463 1474 Rlzapsodo
497 1420 563 1462 lib.
584 1422 620 1460 1.
642 1436 674 1462 0.
700 1423 738 1462 6.
760 1423 797 1463 7.
818 1424 856 1463 8.
892 1423 958 1464 Ex
975 1424 1127 1477 quibus
1145 1425 1312 1478 scriptis
1328 1427 1417 1465 tam
1434 1424 1651 1479 perspicue
1674 1425 1715 1465 id
1735 1425 2036 1466 demonstravit
2059 1425 2117 1470 Cl.
2136 1425 2188 1467 D.

254 1479 434 1520 ts'eclelius
468 1479 508 1520 in
543 1481 718 1522 Arcani&
743 1482 1078 1532 Arminianismi,
1104 1486 1150 1524 ut
1172 1498 1529 1537 supervacaneum
1547 1484 1602 1524 sit
1618 1484 1810 1538 pluribus
1828 1484 1905 1525 hoc
1928 1499 2066 1537 agere.
2090 1484 2191 1526 Post

241 1537 346 1578 illud
378 1540 544 1592 tenipus
576 1539 712 1580 editus
743 1543 805 1581 est
823 1541 991 1582 libellus
1008 1545 1196 1583 nostrate
1214 1543 1374 1598 lingua,
1394 1543 1519 1583 titulo
1539 1542 1619 1592 {jen
1639 1543 1800 1594 {irtllim
1819 1543 2192 1598 {drittunstrunfl'rllen

244 1596 491 1649 fibrulussant,
519 1612 599 1650 (100
632 1598 711 1639 1100
734 1600 928 1654 gnaviter
946 1604 1090 1655 agunt,
1110 1604 1156 1641 ut
1174 1602 1454 1655 persuadeant
1472 1601 1715 1643 Socinianos
1735 1601 2045 1657 (celeberrimos
2063 1602 2187 1643 hodie

243 1654 641 1709 Anti-Trinitarios)
679 1673 762 1699 non
796 1673 885 1700 esse
915 1661 938 1699 a
961 1660 1250 1701 communione
1268 1660 1457 1702 fraterna
1475 1661 1764 1711 excludendos,
1782 1676 1857 1702 nec
1875 1675 2014 1701 errare
2036 1660 2187 1702 funda-

242 1714 495 1765 mentaliter,
535 1717 645 1769 quod
677 1717 765 1758 scil.
799 1718 969 1771 probari
999 1722 1181 1772 nequeat
1213 1719 1308 1767 illos
1342 1736 1365 1760 a
1383 1720 1531 1760 salutis
1550 1735 1622 1774 spe
1641 1720 1842 1761 exclusos.
1876 1719 2024 1773 Nuper
2044 1735 2093 1761 ex
2115 1720 2189 1760 illa

241 1773 410 1814 cohorte
427 1775 616 1816 tenebrio
633 1775 803 1829 quidam
826 1791 919 1817 cum
937 1792 1102 1819 omnem
1120 1778 1431 1820 fraternitatem
1449 1780 1477 1821 ἃ
1495 1779 1676 1820 salutem
1693 1778 2017 1820 Mahumedistis
2034 1778 2063 1819 81
2076 1778 2188 1819 Ρο11-

241 1832 382 1873 tificiis
412 1847 568 1887 negare
597 1849 640 1875 se
670 1836 931 1888 praetendat,
950 1836 1047 1877 huic
1065 1837 1222 1890 judicio
1238 1837 1343 1878 haut
1361 1838 1533 1879 obscure
1552 1838 1788 1879 subtractos
1806 1837 1909 1879 velit
1931 1836 2188 1888 Socinianos,

242 1891 394 1945 quibus
411 1896 425 1937 (
431 1893 540 1945 quod
561 1908 715 1934 novum
732 1896 760 1936 81
783 1894 1019 1936 inauditum
1042 1896 1263 1951 hactenus)
1282 1897 1497 1951 conjungit
1523 1897 1871 1938 David-doristas.

301 1950 364 1991 De
402 1950 678 2005 Argumentis
719 1953 886 2003 nostris,
926 1969 1032 2008 quae
1050 1970 1125 2008 pro
1143 1955 1382 1997 affirmante
1402 1956 1610 1997 sententia
1628 1959 1772 1997 contra
1796 1955 2189 1997 Remonstrantium

242 2009 482 2063 opinionem
514 2011 732 2052 adducturi
763 2027 919 2062 sumus,
953 2028 1272 2066 praemonemus
1304 2014 1336 2055 I.
1367 2030 1415 2055 ea
1433 2015 1619 2056 evictura
1637 2018 1800 2056 tantam
1817 2015 2124 2064 necessitatem,
2144 2016 2190 2055 ut

242 2068 434 2110 homines
462 2084 557 2110 cum
574 2070 784 2112 erroribus
802 2070 1174 2113 Anti-Trinitariis
1192 2073 1235 2113 in
1252 2073 1588 2114 communionem
1606 2073 1818 2115 Ecclesiae
1836 2077 2004 2114 nostrae
2029 2076 2102 2114 aut
2119 2088 2187 2114 cu·

238 2127 437 2181 jusquam
460 2127 724 2170 Christianae
741 2131 968 2184 recipiendi
989 2146 1072 2171 non
1090 2132 1196 2180 sint;
1221 2135 1294 2173 aut
1312 2132 1519 2186 siquidem
1536 2132 1579 2173 in
1597 2133 1932 2173 communionem
1955 2133 2043 2186 ejus
2066 2134 2189 2173 antea

242 2186 399 2240 recepti
432 2187 484 2227 ad
514 2187 708 2229 haereses
740 2188 836 2230 illas
868 2190 1181 2240 declinaverint,
1216 2193 1244 2233 ἃ,
1276 2191 1555 2232 necessariam
1572 2191 1679 2232 hanc
1698 2192 1979 2246 cognitionem
1997 2205 2043 2232 ac
2065 2191 2189 2232 fidem

244 2245 515 2299 pertinaciter
548 2247 817 2288 excusserint.
840 2249 949 2303 [pag.
976 2249 1082 2304 47o]
1116 2250 1158 2290 in
1185 2265 1232 2290 ea
1248 2250 1495 2303 neutiquam
1514 2250 1598 2291 sint
1614 2250 1842 2291 retinendi:
1867 2251 1976 2304 quod
1995 2249 2189 2303 explicite

243 2303 381 2358 magis
404 2306 432 2346 ἃ
455 2306 702 2346 consectarii
719 2306 807 2347 vice
824 2307 935 2348 infra
953 2310 1203 2361 repetemus.
1237 2308 1293 2349 ΙΙ.
1314 2308 1549 2359 Praeterea,
1567 2324 1656 2361 non
1668 2324 1787 2363 posse
1805 2324 1899 2350 cum
1917 2307 2092 2350 salutari
2109 2307 2190 2348 Dei

245 2362 384 2417 gratia
421 2364 754 2406 communionem
787 2365 956 2413 habere,
991 2370 1063 2407 aut
1101 2370 1295 2408 aeternae
1328 2367 1477 2408 salutis
1500 2368 1726 2422 participes
1749 2383 1852 2418 esse,
1872 2368 2079 2421 siquidem
2096 2366 2189 2418 quis

245 2421 352 2462 hanc
370 2422 591 2463 veritatem
608 2424 880 2477 pertinaciter
896 2425 1087 2479 repudiet
1105 2428 1231 2479 atque
1249 2428 1476 2479 oppugnet.
1512 2426 1711 2475 Quamvis
1729 2430 1871 2468 autem
1889 2424 2188 2468 demonstratio

244 2479 395 2533 prioris
419 2481 681 2522 necessitatis
704 2482 928 2532 sufficeret,
952 2486 1095 2525 tamen
1117 2487 1338 2537 utramque
1361 2485 1405 2525 in
1420 2485 1499 2526 1100
1516 2486 1685 2539 negotio
1709 2500 1902 2539 agnosco,
1921 2487 1949 2527 81
1967 2484 2186 2537 conjungo.

244 2537 293 2578 In
326 2539 642 2593 quibuscunque
674 2541 769 2582 aliis
807 2543 1124 2595 quaestionibus
1157 2543 1244 2584 sive
1273 2543 1394 2597 juris,
1428 2544 1514 2584 sive
1547 2544 1648 2584 facti
1665 2559 1748 2585 non
1761 2544 1906 2585 itidem
1951 2543 2047 2584 Non
2066 2541 2188 2596 pauci

246 2596 357 2638 enim
390 2600 487 2638 sunt
509 2613 628 2639 casus
646 2599 688 2640 in
708 2601 859 2653 quibus
882 2601 1007 2642 alicui
1029 2601 1212 2655 receptio
1231 2601 1274 2642 in
1292 2603 1626 2644 communionem
1649 2603 1846 2644 ecclesiae
1865 2605 2060 2643 externae
2078 2602 2107 2642 ἃ
2125 2600 2187 2640 vi-

247 2655 383 2696 sibilis
401 2656 625 2710 (imprimis
642 2658 835 2700 ministro
853 2659 896 2700 in
914 2660 1248 2701 communionem
1267 2662 1294 2702 &
1313 2661 1555 2702 societatem
1568 2661 1810 2714 ministerii)
1823 2664 1933 2702 recte
1946 2663 1974 2703 &
1996 2659 2188 2702 aivam-2043

247 2713 446 2768 denegari
464 2718 602 2769 potest
618 2718 646 2758 &
665 2717 784 2767 solet,
804 2733 928 2771 quem
945 2721 1087 2760 tamen
1106 2719 1219 2759 omni
1241 2720 1529 2761 communione
1552 2720 1780 2770 remotiori,
1800 2722 1872 2760 aut
1895 2719 2097 2774 generali,
2116 2720 2188 2759 aut

247 2771 453 2826 implicita
487 2788 581 2814 cum
617 2776 730 2816 omni
769 2776 1104 2827 Christianismo,
1137 2791 1213 2818 1100
1251 2778 1379 2819 etiam
1415 2779 1528 2820 omni
1546 2779 1611 2820 vel
1629 2779 1803 2820 minima
1821 2779 2075 2820 connexione
2094 2791 2188 2817 cum

249 2831 389 2885 gratia
419 2831 500 2873 Dei
531 2833 559 2873 &
592 2836 761 2875 aeterna
793 2835 928 2877 salute
955 2836 1204 2878 destitutum
1219 2837 1400 2878 nolimus
1422 2837 1708 2892 pronuntiare.
1740 2836 2064 2879 Distinctionem
2080 2838 2188 2934 haqc

2052 2910 2150 2937 mcu
2168 2919 2186 2926 -
