2399 3084
281 123 365 165 208
413 120 557 163 DISP.
590 119 687 162 VII.
721 119 1162 161 PROBLEMATUM
1194 133 1258 161 DE
1290 116 1527 161 MERI'ro
1560 116 1814 160 Cflmsm
1846 117 1998 162 PARS
2029 117 2109 166 IV.

280 248 367 286 tem
384 243 572 285 merendi
589 241 795 296 accipiant
813 256 863 283 ex
881 241 1044 283 meritis
1062 240 1234 283 Christi.
1268 240 1378 283 Vide
1396 240 1573 282 eundem
1589 239 1692 281 ibid.
1710 243 1871 295 quaest.
1898 241 1964 283 13.
1983 241 2058 282 ubi
2074 241 2226 284 statuit

282 302 440 344 Christi
470 300 803 342 satisfactionem
838 315 922 341 non
945 315 1034 341 esse
1051 300 1195 350 talem,
1214 314 1321 354 quae
1338 314 1414 354 per
1430 314 1473 341 se
1495 299 1732 340 formaliter
1749 299 1993 355 exstinguat
2022 300 2225 352 debitum,

281 362 353 402 sed
385 361 514 401 talem
532 374 638 413 quae
656 361 867 400 mereatur
884 360 913 401 81
930 359 1129 413 impetret
1146 358 1318 412 aliquid,
1342 373 1416 412 per
1433 358 1544 412 quod
1566 358 1755 399 debitum
1787 358 2105 413 exstinguatur:
2124 373 2226 401 nam

286 420 484 470 Christus,
522 418 674 471 inquit,
705 431 782 472 per
816 432 939 460 suam
971 418 1292 472 satisfactionem
1323 417 1474 459 meruit
1510 417 1627 459 nobis
1643 417 1822 471 qratiam
1838 418 2134 474 justificantem
2151 431 2228 472 per

282 492 407 535 quam
425 477 658 532 formaliter
674 477 954 531 eoescinyuitur
967 484 1192 531 peccatum.
1223 474 1306 517 Sed
1330 490 1413 516 non
1435 475 1595 516 entium
1614 475 1808 530 (humani
1829 475 1917 517 scil.
1935 476 2090 528 meriti,
2108 477 2138 519 81
2160 491 2227 518 33-

282 535 554 589 tisfactionis)
571 535 714 576 nullae
732 538 830 576 sunt
847 535 1104 585 affectiones,
1121 535 1240 575 nulla
1258 534 1478 575 attributa.
1512 533 1689 575 Frustra
1706 533 1850 587 itaque
1877 535 2108 588 quaeritur,
2126 549 2181 576 an
2197 534 2227 576 &

283 595 489 650 quomodo
506 594 769 648 dependeant
791 596 815 634 a
832 593 983 634 merito
1006 593 1179 634 Christi.
1203 592 1440 634 Videantur
1457 592 1751 647 antagonistae
1768 592 2031 644 Bellarmini,
2050 593 2228 645 Parma

289 653 544 704 Chctmierus,
567 653 759 695 Amesius
770 668 785 702 ,·
803 653 854 693 ad
869 652 973 693 haec
991 653 1020 694 81
1038 653 1267 703 Morconits,
1290 651 1594 701 Davenantius,
1615 651 1884 702 Chemmitius,
1911 651 2063 707 aliique
2078 652 2128 693 de
2143 666 2229 694 me-

282 713 373 764 rito,
383 712 692 768 justificatione,
715 710 1066 766 satisfactionibus
1084 711 1360 764 disputantes.
1393 709 1531 751 XVII.
1557 709 1698 752 Probi.
1732 708 1798 750 An
1825 709 2000 751 meritus
2017 710 2073 752 sit
2093 711 2228 752 omni-

283 772 361 812 bus
379 771 523 812 electis
539 773 682 824 partes
700 771 729 813 81
745 770 900 824 gradus
918 769 1235 824 glorificationis
1253 771 1348 823 post
1364 768 1474 809 hanc
1490 768 1635 817 vitam,
1653 768 1790 822 primo
1806 768 1850 809 in
1868 768 2009 809 anima
2022 771 2229 823 separata,

285 830 432 871 deinde
463 829 507 870 in
539 829 844 870 resurrectione
876 828 1075 882 corporis,
1103 830 1194 869 tuni
1220 828 1265 868 in
1281 829 1370 868 toto
1388 826 1631 880 composito.
1664 827 1784 881 Resp.
1803 826 1867 868 De
1887 841 1934 868 eo
1952 827 2230 869 dubitandum

284 903 368 930 non
391 891 467 930 est.
500 887 609 930 Vide
641 888 759 930 Rom.
793 887 832 928 8.
853 888 922 928 23.
943 887 1011 927 32.
1038 887 1076 928 1.
1097 886 1280 928 Corinth.
1308 886 1373 927 15.
1395 887 1433 927 1.
1473 886 1610 927 Thess.
1629 886 1669 926 4.
1691 884 1732 927 ἃς
1753 899 1886 940 supra
1908 885 2048 929 Probi.
2068 886 2106 928 6.
2130 885 2171 928 ec
2191 886 2229 927 7.

284 945 445 989 XVIII.
471 946 607 988 Probi.
632 945 701 987 An
718 945 874 1000 gradus
896 944 1172 987 beatitudinis
1191 946 1220 987 &
1239 944 1401 1000 gloriae
1418 944 1505 985 sive
1523 944 1566 985 in
1589 944 1730 985 anima
1752 946 1959 998 separata,
1976 945 2065 1000 sive
2083 944 2127 986 in
2143 947 2232 986 toto

285 1005 545 1059 composito?
572 1006 692 1059 Resp.
711 1003 1096 1058 Praesupponimus
1119 1003 1209 1045 dari
1226 1004 1405 1059 gradus3
1424 1003 1617 1057 quamvis
1635 1003 1805 1056 quidam
1822 1002 2055 1044 Orthodoxi
2072 1003 2233 1045 dissen-

285 1065 407 1115 tiant,
436 1063 573 1111 veriti,
606 1078 658 1104 ne
690 1063 792 1117 quid
825 1063 1119 1104 concederetur
1134 1061 1368 1104 Pontificiis
1393 1076 1468 1116 pro
1495 1061 1646 1103 merito
1663 1061 1848 1103 humano
1871 1062 2233 1103 contendentibus.

286 1122 367 1164 Sed
400 1123 449 1164 de
482 1122 618 1164 causis
650 1121 890 1176 quaeritur:
927 1136 1030 1175 quas
1048 1121 1109 1162 ita
1145 1121 1417 1162 delineamus.
1436 1120 1689 1174 Principalis
1711 1122 1775 1161 est
1796 1119 1924 1172 Deus,
1943 1120 2015 1174 qui
2033 1122 2095 1161 est
2112 1135 2234 1162 omne

286 1182 443 1222 bonum
473 1184 679 1230 nostrum,
704 1183 777 1222 aut
799 1182 823 1221 a
840 1195 922 1234 quo
940 1183 1004 1221 est
1024 1194 1147 1221 omne
1164 1180 1323 1221 bonum
1349 1181 1554 1220 nostrum.
1589 1179 1710 1235 [pag.
1729 1179 1836 1234 274]
1855 1178 2148 1233 Proegumena
2169 1181 2234 1220 est

287 1240 421 1281 libera
438 1240 572 1294 ipsius
589 1239 743 1295 gratia.
777 1238 1087 1280 Procatarctica
1110 1253 1183 1280 seu
1199 1238 1416 1280 meritoria
1438 1240 1502 1279 est
1518 1238 1718 1279 meritum
1736 1237 1907 1279 Christi.
1933 1237 2144 1279 Donativa
2161 1252 2236 1279 seu

288 1299 498 1349 collativa,
517 1299 654 1353 prima
672 1299 701 1341 81
719 1312 882 1339 3111111113
900 1300 963 1339 631
979 1297 1118 1339 Deus:
1152 1296 1425 1339 subordinata
1443 1296 1635 1338 Christus
1667 1295 1890 1347 Mediator,
1907 1298 1991 1350 qua
2005 1296 2117 1338 talis.
2151 1297 2236 1350 Ap-

287 1358 483 1412 plicativa
516 1360 592 1409 est,
628 1358 665 1398 1.
705 1356 885 1398 Divinae
917 1357 1081 1411 gratiae
1104 1356 1325 1400 excitantis
1349 1357 1378 1398 81
1399 1355 1707 1397 corroborantis
1725 1369 1921 1396 mensura
1938 1355 2177 1409 peculiaris.
2195 1355 2236 1396 2.

290 1416 392 1457 Inde
409 1418 708 1470 promanantes
732 1415 927 1457 fortiores
959 1416 989 1457 81
1020 1414 1326 1469 frequentiores
1358 1417 1488 1456 actus.
1523 1415 1562 1455 3.
1596 1413 1708 1455 Hinc
1724 1414 1979 1455 resultantes
1996 1413 2190 1456 fortiores
2208 1414 2238 1456 &

291 1474 598 1528 frequentiores
632 1477 749 1516 actus
782 1474 885 1528 spei,
918 1473 1163 1528 patientiae,
1188 1473 1399 1515 caritatis:
1419 1473 1492 1526 qui
1508 1473 1637 1527 vulgo
1655 1487 1749 1514 cum
1765 1472 1945 1514 termino
1963 1472 2237 1524 diminuente,

290 1548 438 1575 causae
473 1534 679 1582 dicuntur,
714 1533 802 1574 scil.
840 1532 929 1574 sine
952 1533 1104 1586 quibus
1137 1547 1234 1582 non,
1258 1534 1331 1573 aut
1348 1531 1620 1582 conditiones,
1639 1534 1713 1572 aut
1734 1531 1885 1580 media,
1904 1533 1978 1572 aut
1998 1531 2088 1580 via;
2108 1531 2169 1572 ita
2194 1534 2239 1572 ut

290 1592 428 1634 omnis
459 1591 562 1642 ἀξία,
584 1592 784 1647 dignitas,
813 1591 1012 1632 meritum
1035 1591 1166 1632 absit:
1191 1605 1286 1632 cum
1312 1605 1396 1632 non
1418 1605 1495 1632 sua
1511 1590 1733 1645 dignitate,
1751 1590 1823 1631 sed
1844 1589 1925 1631 Dei
1947 1590 2189 1645 dignatione
2207 1590 2237 1632 &

290 1651 429 1706 gratia
445 1653 617 1705 propter
633 1651 757 1692 unius
776 1650 934 1692 Christi
951 1650 1150 1691 meritum
1168 1650 1226 1705 (1.
1248 1650 1432 1692 Corinth.
1453 1650 1519 1691 15.
1538 1663 1641 1691 vers.
1668 1648 1754 1702 10.)
1772 1648 1929 1703 gradus
1944 1648 2040 1690 illos
2059 1663 2236 1703 operen-

290 1713 371 1751 tur.
405 1710 445 1751 4.
478 1709 672 1763 Denique
703 1709 909 1764 judicium
936 1708 1016 1750 Dei
1053 1709 1097 1749 in
1132 1710 1282 1759 morte,
1316 1708 1406 1750 &in
1422 1707 1580 1762 judicio
1599 1709 1799 1758 extremo,
1824 1707 2052 1748 secundum
2069 1707 2233 1762 gratiae

291 1783 390 1810 suae
408 1783 648 1810 mensuram
667 1769 696 1811 &
710 1782 838 1822 opera
854 1770 998 1808 nostra
1021 1782 1095 1821 per
1118 1768 1207 1822 ejus
1226 1767 1410 1822 gratiam
1428 1766 1645 1821 praestita,
1669 1766 1825 1821 gradus
1846 1766 1943 1807 illos
1974 1765 2096 1807 nobis
2114 1765 2229 1820 adju-

290 1827 480 1877 dicantis,
499 1827 528 1868 &
544 1828 704 1882 majora
721 1827 829 1868 dona
846 1841 921 1867 sua
932 1826 1165 1880 majoribus
1182 1825 1381 1880 praemiis
1404 1825 1448 1866 in
1466 1825 1609 1866 electis
1627 1825 1713 1866 suis
1729 1824 1981 1867 coronantis.
2005 1823 2232 1866 Considera

289 1888 454 1928 textum
486 1887 600 1928 Man.
637 1886 704 1927 19.
737 1899 838 1927 vers.
859 1886 929 1928 28.
963 1885 1012 1926 de
1029 1884 1247 1926 duodecim
1270 1884 1435 1926 thronis
1452 1883 1766 1938 Apostolorum.
1798 1882 1915 1925 XIX.
1949 1882 2092 1926 Probl.
2126 1881 2236 1931 Quid

290 1946 558 1987 statuendum
577 1945 627 1986 de
645 1944 881 1986 viventibus
902 1943 1130 1985 novissimo
1148 1943 1213 1984 die
1231 1944 1289 1999 (1.
1311 1943 1495 1985 Corinth.
1516 1942 1582 1984 15.
1600 1956 1704 1985 vers.
1723 1941 1811 1996 51.)
1834 1941 1992 1983 adhaec
2005 1942 2054 1983 de
2062 1941 2236 1983 Enocho

292 2004 432 2059 (Hebr.
473 2004 540 2044 11.
576 2004 633 2058 5.)
673 2006 697 2045 a
732 2005 866 2045 morte
903 2002 1124 2056 corporali,
1147 2017 1254 2056 quae
1280 2017 1356 2056 per
1372 2004 1590 2056 peccatum
1606 2001 1822 2056 ingressae
1845 2002 1964 2043 Rom.
1982 2000 2020 2042 5.
2039 2013 2144 2042 vers.
2166 2000 2235 2042 12.

292 2063 572 2117 praeservatis
604 2065 678 2104 aut
694 2062 1046 2116 praeservandis?
1080 2062 1199 2115 Resp.
1232 2060 1580 2114 Quandoquidem
1596 2059 1819 2114 peculiaris
1841 2058 1910 2100 hic
1926 2059 2074 2100 modus
2092 2059 2122 2101 81
2139 2072 2238 2114 gra-

293 2122 369 2163 dus
388 2124 450 2163 est
467 2121 632 2163 divinae
650 2120 827 2176 gratiae,
845 2135 928 2162 non
945 2120 1065 2162 video
1082 2135 1155 2161 cur
1170 2119 1322 2160 merito
1341 2119 1501 2161 Christi
1522 2118 1771 2159 tribuendus
1797 2132 1881 2159 non
1903 2117 1972 2169 sit,
1991 2132 2041 2159 ex
2060 2119 2179 2160 Rom.
2198 2118 2237 2158 8.

296 2181 445 2222 Coloss.
481 2181 520 2220 3.
553 2180 732 2234 aliisque
763 2179 950 2221 textibus
988 2193 1114 2233 supra
1131 2178 1201 2220 cit.
1234 2177 1327 2219 XX.
1346 2177 1487 2221 Proba.
1507 2177 1615 2227 Quid
1632 2176 1867 2218 infantibus
1884 2176 1928 2217 in
1944 2175 2126 2217 infantia
2147 2190 2238 2217 mo-

295 2239 499 2280 rientibus
521 2239 697 2280 meritus
728 2238 795 2279 sit.
830 2239 950 2292 Hesp.
982 2237 1196 2279 Pontificii
1224 2236 1492 2291 distinguunt
1512 2236 1622 2277 inter
1643 2235 1879 2289 baptizatos
1896 2236 1926 2277 81
1941 2234 2238 2288 non-baptiza-

294 2300 373 2339 103.
406 2297 504 2339 13113
526 2300 686 2353 negant
703 2297 802 2350 quid
819 2296 1017 2337 meritum
1034 2310 1138 2345 esse,
1157 2295 1311 2350 quippe
1330 2295 1403 2349 qui
1424 2294 1701 2348 reprobentur
1714 2294 1829 2348 justo
1845 2293 1926 2335 Dei
1938 2293 2095 2348 judicio
2116 2307 2238 2347 prop-

295 2359 359 2397 ter
376 2359 594 2410 peccatum
611 2356 830 2411 originale.
865 2354 957 2396 Illis
981 2355 1099 2408 ajunt
1116 2353 1313 2395 meritum
1337 2368 1426 2394 esse
1442 2353 1645 2408 baptismi
1662 2352 1983 2406 susceptionem,
2007 2353 2037 2394 81
2054 2366 2128 2406 1161·
2144 2365 2240 2392 611111

297 2415 591 2457 liberationem
623 2417 648 2456 a
684 2416 818 2469 poena
850 2416 942 2455 tum
965 2413 1106 2454 damni
1122 2415 1215 2453 tum
1233 2426 1402 2462 sensus3
1435 2414 1509 2453 aut
1525 2414 1572 2453 ut
1590 2411 1676 2462 alii,
1696 2413 1720 2452 a
1735 2413 1870 2465 poena
1887 2410 2028 2452 damni
2049 2411 2238 2451 tantum:

297 2476 421 2526 atque
448 2473 619 2527 insuper
650 2473 783 2514 vitam
815 2475 1043 2514 aeternam.
1078 2471 1188 2512 Vide
1236 2470 1419 2526 Vasqitez
1455 2471 1511 2512 ad
1539 2471 1578 2511 3.
1596 2470 1702 2524 disp.
1724 2469 1790 2511 77.
1809 2483 1896 2524 cap.
1922 2469 1962 2511 5.
1981 2470 2010 2511 81
2028 2469 2241 2510 Becanum

296 2539 407 2585 pai-t.
428 2533 468 2571 3.
488 2539 602 2574 tract.
622 2533 660 2573 2.
680 2545 768 2586 cap.
789 2531 856 2572 11.
875 2532 904 2573 81
924 2530 1245 2580 Bellarmimtm,
1263 2530 1312 2571 de
1328 2537 1584 2571 sacramento
1602 2528 1824 2583 Baptismi,
1837 2542 1931 2569 cum
1944 2526 2242 2581 Antaqonistis.

298 2588 388 2629 Nos
421 2590 585 2643 rejectis
618 2591 805 2644 ipsorum
838 2589 1207 2643 disputationibus,
1242 2588 1417 2629 dicimus
1452 2587 1668 2630 Christum
1686 2586 1921 2627 infantibus
1939 2585 2150 2627 salvandis
2168 2598 2241 2626 3611

300 2647 444 2688 electis
456 2649 654 2689 meritum
672 2663 760 2689 esse
777 2648 1067 2689 remissionem
1084 2646 1243 2701 peccati
1259 2646 1478 2701 originalis
1496 2647 1525 2689 81
1542 2645 1741 2699 imputati
1760 2645 1789 2686 &
1805 2643 2078 2694 inhaerentis,
2096 2643 2125 2685 81
2143 2657 2241 2683 6011-

303 2708 525 2758 sequenter
557 2707 849 2747 liberationem
868 2708 892 2747 a
914 2708 1048 2760 poena
1060 2705 1201 2747 damni
1223 2719 1270 2746 ac
1288 2719 1447 2756 sensus,
1471 2707 1597 2758 atque
1614 2704 1786 2757 insuper
1803 2703 1872 2757 jus
1890 2702 2001 2743 vitae
2019 2704 2240 2751 aeternae;

300 2763 484 2804 breviter
510 2765 691 2818 gratiam
708 2768 799 2806 tum
811 2765 1128 2818 justificantem,
1147 2766 1238 2805 tum
1259 2765 1594 2818 regenerantem.
1626 2761 1742 2803 XXI.
1777 2761 1919 2805 Probi.
1951 2759 2020 2802 An
2046 2759 2241 2801 omnibus

302 2820 535 2863 infantibus
553 2823 763 2864 salvandis
783 2826 880 2864 ante
898 2837 1019 2864 usum
1037 2823 1213 2864 rationis
1231 2822 1523 2873 morientibus,
1546 2820 1722 2863 meritus
1749 2820 1805 2862 sit
1822 2819 2041 2872 aequalem
2058 2819 2243 2873 gratiam

2213 2878 2243 2920 81
