2399 3084
298 102 381 144 266
503 102 650 144 Dlsr.
683 102 758 144 IX.
792 101 865 142 DE
898 100 1068 143 SrArU
1100 101 1420 143 ELECTORUM
1452 115 1580 142 ANTE
1613 100 2032 146 CONVERSIONEM.

301 227 462 269 Talium
499 233 636 267 tamen
668 226 840 282 quidam
877 226 957 280 suit
979 225 1259 275 Christianus,
1279 232 1325 267 nt
1348 239 1440 267 eum
1460 233 1558 267 esset
1574 226 1767 268 omniunt
1783 227 2046 281 injuriarum
2064 242 2241 271 suarum

294 286 401 328 mira
431 285 622 339 fatuitate
647 284 990 339 patientissimus,
1025 284 1228 339 injuriam
1251 292 1389 326 {arnon
1414 284 1567 326 Christi
1583 285 1768 327 nominis
1785 286 1846 327 vel
1869 286 1913 327 in
1930 287 2061 340 seipso
2079 288 2241 342 retiyto-

294 345 359 386 nis
382 344 622 394 reverentia,
641 358 725 400 qua
748 344 934 385 imbutus
952 352 1052 394 erat,
1071 344 1127 385 sic
1144 344 1252 397 ferre
1274 357 1360 385 non
1378 351 1524 398 posset,
1543 351 1589 385 ut
1608 343 1937 398 blasphemantes
1953 346 2130 387 videlicet
2153 361 2241 388 cor-

293 404 423 453 datos,
457 404 482 443 ἀ
514 403 666 458 quibus
703 403 799 445 haec
830 411 874 445 nt
904 409 1199 458 provocaretur
1227 401 1430 450 audiebat,
1450 403 1642 444 insectari
1663 403 1872 457 lapidibus
1889 418 1975 446 non
1994 404 2112 460 [pag.
2134 405 2240 460 427]

292 463 509 512 desisteret,
543 475 614 503 nec
651 463 697 503 in
728 476 774 503 ea
807 476 933 504 cansa
960 463 1019 504 vel
1049 462 1231 503 dominis
1251 469 1448 516 parceret.
1490 462 1526 503 T
1522 463 1605 503 ates
1622 475 1714 516 erqo
1729 463 2035 516 praedestinari
2056 462 2244 505 &creari

292 521 486 570 arbitror,
522 528 564 563 nt
602 522 674 577 qni
704 529 880 575 possunt
910 521 1140 575 intelliqcmc
1162 521 1227 562 det
1256 521 1453 575 qratiam,
1477 519 1517 562 a·
1534 521 1729 575 spiritum
1747 522 1820 576 qui
1840 522 1907 563 ubi
1923 523 2010 564 vult
2028 523 2176 576 spirat,
2195 523 2242 564 ob

293 580 366 622 lzoc
395 593 516 622 omne
548 580 704 633 inqenit‘
739 594 870 635 oenus
891 581 936 622 in
953 580 1051 637 filiis
1069 580 1374 622 misericordiae
1392 594 1477 621 non
1494 581 1730 634 praeterire,
1756 581 1929 636 itemque
1945 595 2066 622 omne
2088 582 2244 637 inqent'i

292 653 423 693 (lenas
457 639 500 680 in
530 640 739 693 {jehennae
774 640 872 696 filiis
903 639 1140 694 praeterire,
1169 646 1214 681 nt
1231 639 1303 694 qzn‘
1318 639 1524 691 ,qloriatnr
1541 639 1586 680 in
1605 639 1774 680 domino
1791 640 1982 694 qloritur.
2017 639 2242 682 Occasione

292 698 418 752 hujus
449 698 705 739 narrationis
732 698 775 739 in
793 701 978 739 mentem
997 698 1124 749 venit,
1149 698 1258 752 quod
1277 698 1536 752 experientia
1553 698 1865 752 comprobatur,
1890 699 2052 753 aliquos
2072 699 2239 740 semifa-

292 759 386 798 tuos
405 758 569 798 caetera
587 757 812 811 simplices,
831 758 1089 799 orthodoxae
1112 757 1329 812 religionis
1348 757 1377 798 81
1395 756 1625 798 devotionis
1643 772 1726 797 11011
1744 757 1919 812 vulgare
1936 757 2122 799 studium
2139 773 2239 812 prae

294 831 336 857 se
354 815 477 857 ferre,
498 816 536 857 7.
555 818 677 858 concl.
696 815 759 857 De
777 816 1003 857 foederatis
1022 815 1175 857 adultis
1195 831 1244 857 ex
1262 831 1359 857 casu
1379 815 1713 869 superveniente,
1728 816 1771 856 in
1794 817 2065 858 melancolica
2079 817 2240 868 deliria,

294 874 550 929 phrenesim,
588 875 788 926 maniam,
821 875 1097 916 lunatismum
1131 874 1198 916 &c-
1230 874 1524 922 incidentibus,
1559 889 1608 915 ex
1648 875 1912 916 antece-‘lenti
1930 876 2009 916 fide
2024 877 2052 918 8z
2070 876 2241 930 pietate,

295 934 327 975 si
347 934 513 988 quidem
539 949 632 975 eam
649 934 890 985 habuerint,
923 933 967 974 in
989 934 1142 975 bonam
1167 936 1331 988 partem
1360 934 1489 975 statui
1513 933 1650 975 debet.
1680 933 1799 983 Quod
1821 934 1856 974 si
1874 935 1991 976 nulla
2009 934 2132 989 signa
2149 948 2243 989 gra-

295 993 379 1034 tiae
411 993 727 1047 praecesserint,
767 993 992 1034 videndum
1024 1008 1076 1034 an
1103 1008 1179 1047 per
1215 992 1397 1033 dilucida
1430 993 1668 1042 intervalla,
1705 995 1778 1033 aut
1798 995 1889 1046 post
1907 993 2146 1034 desaeviens
2167 993 2245 1035 hoc

295 1052 468 1102 malum,
493 1052 700 1106 siquidem
718 1052 761 1093 111
793 1052 873 1093 hac
891 1052 978 1093 vita
1001 1052 1079 1093 hoc
1097 1051 1328 1107 contingat,
1348 1051 1518 1106 aliquod
1539 1051 1650 1102 fidei,
1669 1051 1999 1106 resipiscentiae,
2023 1054 2052 1094 &
2074 1052 2244 1106 pietatis

296 1110 506 1165 specimen
539 1111 634 1152 elici
665 1111 820 1165 possit:
850 1111 959 1152 unde
977 1111 1020 1151 in
1038 1111 1193 1152 bonam
1210 1113 1374 1165 partem
1392 1111 1441 1151 de
1459 1110 1544 1151 illis
1562 1112 1786 1152 statuatur.
1822 1109 1940 1159 Quod
1957 1111 1992 1152 si
2009 1113 2159 1152 neutra
2176 1126 2243 1153 00-

295 1169 406 1211 casio
438 1185 481 1211 se
499 1169 662 1221 offerat,
693 1185 769 1211 nec
782 1172 921 1211 ortum
939 1170 1061 1211 istius
1074 1170 1176 1211 mali
1199 1169 1342 1224 aliqua
1359 1169 1447 1210 veri
1465 1169 1769 1211 christianismi
1787 1169 1818 1211 si
1824 1184 1910 1225 gna
1927 1169 2244 1224 praecesserint,

298 1228 445 1282 utique
463 1229 512 1270 (le
534 1229 608 1270 illo
624 1229 668 1270 in
686 1229 903 1270 meliorem
926 1231 1090 1283 partem
1107 1229 1285 1283 judicari
1301 1243 1384 1269 11011
1402 1230 1554 1282 potest.

354 1286 400 1331 2.
433 1287 498 1329 Ex
514 1287 593 1329 hac
611 1288 959 1329 determinatione
977 1288 1159 1342 pendent
1182 1303 1354 1329 casuum
1371 1287 1583 1329 variorum
1606 1287 1846 1339 decisiones,
1881 1302 1935 1329 an
1955 1288 2006 1329 ad
2019 1289 2243 1341 juramen—

296 1349 400 1398 tum,
419 1347 750 1397 matrimonium,
769 1347 1071 1396 testimonium,
1098 1349 1253 1397 votum,
1273 1361 1444 1388 coenam
1463 1346 1621 1388 domini
1639 1346 1806 1388 admitti
1827 1346 2004 1401 possint.
2028 1346 2091 1388 De
2109 1346 2245 1388 tribus

295 1405 505 1460 prioribus
524 1421 573 1446 ex
595 1405 785 1460 professo
806 1409 940 1461 agunt
959 1405 1243 1448 Jureconsulti
1263 1407 1292 1448 &
1310 1405 1575 1452 Canonistae,
1600 1420 1704 1459 quos
1731 1406 1920 1460 plerique
1939 1405 2155 1447 Casuistae
2174 1421 2245 1448 se-

297 1466 496 1517 quuntur.
533 1464 592 1506 De
611 1467 720 1514 voto,
746 1480 795 1506 ex
813 1464 1018 1506 Casuistis
1038 1466 1135 1520 Neo.
1155 1465 1396 1507 Batctuinus
1414 1464 1482 1507 tib.
1501 1465 1540 1505 2.
1565 1478 1652 1519 cap.
1674 1464 1711 1505 8.
1730 1479 1829 1507 casu
1847 1467 1885 1506 3.
1909 1464 1972 1506 De
1995 1465 2246 1507 admissione

297 1523 349 1564 ad
382 1537 553 1564 coenam
588 1523 744 1565 domini
764 1524 956 1565 absolute
981 1525 1080 1579 Ncg.
1108 1524 1217 1578 quod
1236 1524 1286 1565 ad
1305 1526 1506 1573 amentes,
1527 1538 1653 1577 supra
1675 1523 1917 1578 descriptos.
1950 1523 2015 1564 De
2033 1523 2245 1577 phreneti-

297 1582 369 1628 cis,
403 1582 617 1628 maniacis,
651 1583 947 1633 melancolicis,
976 1582 1186 1631 lunaticis,
1226 1582 1419 1633 obsessis,
1458 1583 1550 1624 cttst.
1585 1582 1793 1636 siquidem
1825 1582 2007 1624 dilucida
2023 1583 2247 1624 intervalla

296 1640 496 1690 habeant,
515 1641 668 1695 quibus
686 1642 811 1682 fidem
831 1657 877 1683 ac
894 1642 1097 1695 pietatem
1121 1641 1259 1683 verbis
1277 1643 1306 1685 81
1329 1641 1526 1695 operibus
1546 1641 1734 1696 profiteri
1751 1642 1939 1692 valeant3
1971 1641 2180 1695 imprimis
2213 1641 2247 1682 si

294 1702 391 1741 ante
423 1700 589 1742 tristem
623 1700 734 1742 hunc
764 1715 907 1742 casum
945 1700 1094 1754 pietati
1122 1700 1374 1742 studuerint.
1410 1700 1505 1742 Huc
1538 1700 1757 1755 analogice
1790 1701 1957 1755 applica
1976 1700 2248 1755 antiquorum

294 1758 567 1800 conciliorum
606 1760 784 1810 decreta,
818 1759 867 1801 de
899 1760 1166 1801 obsessorum
1198 1761 1227 1802 &
1259 1762 1400 1801 mente
1419 1762 1638 1814 captorum
1659 1759 1870 1814 baptismo
1889 1761 1918 1802 Sz
1941 1759 2246 1809 communione,

297 1818 502 1860 Cononem
537 1818 698 1860 dictum
720 1821 1004 1873 apostoloram
1039 1819 1106 1860 79.
1137 1819 1166 1860 81
1199 1818 1334 1860 Plzott'i
1365 1831 1692 1860 nomooanonem
1727 1819 1782 1860 m.
1807 1820 1845 1859 3.
1865 1832 1951 1873 cap.
1973 1818 2041 1860 15.
2076 1817 2247 1867 Quodsi

292 1876 516 1918 intervalla
552 1892 634 1918 11011
666 1877 866 1928 habeant,
900 1878 1017 1919 nullo
1050 1878 1172 1919 modo
1206 1877 1456 1919 admittendi
1484 1880 1597 1919 sunt.
1627 1877 1691 1918 De
1710 1877 1986 1927 semi-fatuis,
2006 1878 2035 1919 &
2053 1877 2246 1931 stupidis,

295 1935 430 1989 majus
449 1936 623 1977 dubium
642 1939 716 1977 est.
750 1936 813 1978 De
836 1937 970 1977 infimi
994 1936 1150 1992 gradus
1169 1937 1360 1978 absolute
1379 1938 1574 1992 negetur.
1609 1935 1691 1978 Sed
1724 1936 1943 1990 quaeritur
1960 1950 2013 1977 an
2038 1936 2087 1976 de
2105 1935 2246 1986 medii,

294 1996 366 2035 aut
383 1995 567 2048 supremi
585 1995 739 2049 gradus
751 1995 898 2037 itidem
916 1995 1063 2051 negari
1082 1996 1243 2046 debeat,
1264 1995 1337 2050 qui
1354 1996 1405 2037 ad
1423 1995 1639 2037 conciones
1658 1995 1687 2036 &
1699 1995 2048 2036 catechizationes
2067 1994 2241 2035 audien-

292 2053 364 2094 das
382 2053 676 2105 admittuntur,
695 2055 724 2096 85
741 2054 904 2108 aliquos
922 2054 1114 2109 quamvis
1130 2054 1328 2104 initiales,
1362 2055 1498 2103 rudes,
1533 2055 1562 2096 &
1583 2069 1666 2094 11011
1682 2053 1744 2094 ita
1762 2053 1980 2095 distinctos
2002 2068 2079 2107 per
2097 2053 2239 2094 omnia

292 2114 514 2166 conceptus
546 2113 596 2153 de
628 2113 863 2167 praecipuis
899 2113 994 2154 fidei
1026 2113 1235 2167 capitibus
1267 2113 1450 2155 formare
1484 2113 1732 2162 didicerunt,
1773 2113 1824 2153 ad
1858 2114 1959 2154 haec
1991 2112 2246 2154 desiderium

293 2185 429 2221 suum,
449 2171 724 2221 devotionem,
749 2186 796 2213 ac
813 2172 1006 2227 justitiae
1024 2172 1377 2226 &temperantiae
1396 2172 1582 2213 studium
1615 2171 1657 2211 in
1675 2171 1993 2212 conversatione
2012 2172 2041 2214 81
2058 2170 2246 2212 moribus

293 2229 532 2271 ostendunt.
565 2230 673 2272 Puto
705 2230 1049 2285 distinguendum
1082 2231 1190 2272 inter
1227 2232 1431 2273 moriones
1464 2230 1524 2270 ita
1558 2230 1701 2276 dictos,
1733 2230 1804 2283 qui
1821 2229 1974 2280 verbis,
1994 2229 2245 2279 actionibus,

295 2288 498 2341 gestibus,
521 2289 721 2331 ridiculos
750 2304 793 2330 se
810 2290 1033 2343 praebent;
1068 2291 1096 2332 a
1114 2290 1225 2331 inter
1247 2290 1374 2344 vulgo
1396 2289 1526 2330 dictos
1559 2289 1761 2343 simplices
1779 2304 1849 2330 seu
1870 2288 2153 2343 simpliciores,
2173 2288 2248 2342 qui

297 2347 492 2388 decorum
509 2348 774 2389 mediocriter
792 2363 958 2389 servare
975 2351 1142 2389 norunt.
1177 2347 1241 2389 De
1263 2348 1348 2389 illis
1380 2348 1621 2403 negandum
1642 2350 1745 2402 puto
1777 2347 1980 2401 quidquid
1997 2347 2061 2388 illi
2078 2348 2245 2401 petant:

296 2419 347 2446 ne
363 2405 567 2447 indecoris
587 2407 673 2447 sive
690 2407 880 2461 gestibus
892 2407 977 2448 sive
990 2407 1160 2449 vocibus
1179 2407 1458 2461 prostituatur
1475 2408 1549 2447 aut
1560 2407 1734 2448 vilescat
1747 2405 2055 2447 administratio
2070 2419 2221 2447 coenae
2237 2418 2246 2446 :

299 2463 505 2517 siquidem
524 2465 566 2505 in
585 2465 875 2507 communione
892 2480 975 2506 11011
999 2468 1213 2520 spectatur
1229 2467 1396 2506 tantum
1420 2465 1539 2520 [pag.
1560 2465 1667 2520 428]
1692 2464 1882 2506 solitaria
1910 2463 2145 2506 aedificatio
2163 2463 2248 2504 sin-

299 2523 507 2576 gulorum,
537 2524 607 2564 sed
641 2524 769 2565 etiam
802 2526 831 2566 81
862 2524 1070 2578 imprimis
1105 2524 1270 2565 socialis
1291 2524 1564 2566 &communis
1582 2523 1829 2573 aedificatio,
1852 2526 1899 2564 ut
1921 2525 1950 2566 &
1966 2523 2100 2564 honor
2117 2522 2248 2563 totius

299 2581 509 2632 ecclesiae,
544 2585 668 2636 atque
702 2597 784 2623 una
817 2583 1061 2636 praeventio
1093 2583 1386 2624 scandalorum
1420 2597 1466 2624 ac
1489 2582 1811 2623 calumniarum.
1830 2582 1894 2623 De
1913 2581 2007 2623 istis
2027 2580 2159 2622 nolim
2176 2595 2248 2622 ne-

299 2652 411 2692 gare.
446 2639 509 2680 De
527 2641 662 2681 surdis
680 2641 709 2682 81
727 2642 854 2682 mutis
874 2644 937 2683 est
954 2642 1182 2696 responsio.
1217 2641 1297 2690 Qui
1317 2644 1484 2682 tantum
1502 2641 1622 2689 muti,
1655 2643 1684 2684 81
1702 2655 1784 2682 non
1803 2640 1917 2682 surdi
1936 2642 2046 2690 sunt,
2070 2639 2105 2680 si
2123 2639 2249 2680 fidem

301 2710 351 2736 ex
389 2698 546 2748 auditu,
582 2699 709 2740 etiam
741 2715 789 2740 ex
822 2700 999 2741 lectione
1033 2701 1264 2754 scripturae
1301 2702 1542 2754 perceptam
1572 2699 1790 2754 analogico
1823 2699 2037 2754 signorum
2059 2711 2248 2738 sermone

302 2755 579 2807 profiteantur
611 2762 638 2796 Sc
671 2760 815 2799 sancta
846 2759 1160 2800 conversatione
1181 2759 1467 2805 cohonestent,
1487 2758 1575 2798 sine
1595 2758 1720 2799 dubio
1739 2757 2000 2798 admittendi.
2035 2756 2115 2804 Qui
2133 2755 2249 2797 surdi

305 2827 353 2853 ex
371 2828 483 2864 casu,
502 2815 535 2855 si
553 2815 675 2856 fidem
689 2817 778 2870 jam
797 2820 893 2858 ante
912 2832 961 2858 ex
979 2818 1125 2858 auditu
1145 2819 1174 2860 &
1191 2817 1368 2859 lectione
1387 2819 1627 2871 perceptam
1652 2817 1730 2858 hoc
1747 2816 1791 2857 in
1814 2818 1926 2857 statu
1943 2830 2018 2870 per
2036 2815 2158 2871 signa
2175 2815 2248 2880 aut

2121 2887 2250 2927 scrip·
