2399 3084
292 126 1052 174 DisP.VII.PROBLE11ATUM
1084 148 1146 174 Dr.
1179 133 1413 177 ΜΕ11110
1447 135 1699 180 01131311
1731 138 1881 181 PARS
1914 140 1948 184 Ι.
2014 142 2095 185 177

161 255 208 294 ut
239 251 416 306 probent
447 267 498 293 ex
529 249 745 306 Scriptura
763 253 883 308 [pag.
904 255 1007 308 233]
1033 256 1255 310 (siquidem
1278 258 1502 313 excipienti
1520 260 1772 303 affirmantis
1791 278 2013 316 personam
2037 264 2106 306 in-

160 311 304 353 duenti
326 309 519 364 probatio
536 310 758 365 incumbit)
776 313 881 354 tales
900 312 1074 366 phrases
1092 316 1140 356 de
1158 315 1300 370 aliqua
1317 332 1494 370 persona
1518 322 1591 360 aut
1609 334 1651 361 re
1669 321 1878 375 usurpari,
1903 326 1976 363 aut
1994 323 2102 365 talia

159 369 398 423 praedicata
434 369 574 410 omnia
606 370 852 423 praedicari,
886 372 958 412 ubi
991 373 1107 414 nulla
1129 373 1184 414 sit
1211 375 1455 427 satisfactio,
1479 378 1642 418 nullum
1661 377 1882 432 Sponsoris
1901 381 2105 423 meri-tum

158 429 325 483 proprie
348 427 519 469 dictum.
553 427 790 470 Secundum
808 432 883 481 est,
908 433 954 471 ut
992 446 1086 472 cum
1114 435 1232 473 extra
1254 432 1492 488 Scripturas
1515 437 1904 489 pseudo-axiomata
1918 440 2103 494 juridica

157 490 230 529 aut
268 485 564 540 philosophica
597 487 754 541 absque
777 502 945 542 corpore
963 489 1084 543 juris,
1119 491 1277 544 absque
1304 492 1478 534 rationis
1498 494 1656 536 lumine
1675 510 1725 536 ex
1741 497 1909 551 proprio
1930 499 2102 540 cerebro

157 544 352 597 fundunt,
376 560 424 586 ea
447 544 585 586 omnia
607 548 827 600 negentur,
847 548 875 589 &
893 548 1086 600 probatio
1109 550 1365 603 postuletur:
1391 565 1517 605 quam
1540 553 1575 593 si
1594 554 1732 594 moliri
1749 569 1824 596 1100
1841 557 2005 609 possint
2022 571 2099 599 1100

158 605 300 654 velint,
327 606 527 658 poterunt
554 618 604 644 ex
628 604 872 656 abundanti,
896 606 1002 647 tales
1025 606 1157 648 falsae
1179 608 1450 662 hypotheses,
1471 611 1500 652 81
1517 612 1909 665 pseudo-axiomata
1927 615 2014 655 solo
2048 620 2105 665 τῷ

156 662 271 707 ἀτη-ὸς
285 661 356 715 ἔφα
373 661 589 704 8001111810.
605 662 795 713 subnixa,
814 663 1028 705 instantiis
1047 666 1298 719 quibusdam
1318 670 1391 708 aut
1409 670 1673 723 argumentis
1693 671 1949 724 deplumari:
1971 676 2047 714 aut
2069 674 2105 714 si

155 723 198 763 in
231 722 316 763 suis
345 735 536 776 quaeque
566 721 799 775 disciplinis
818 723 916 775 quid
939 723 1025 764 veri
1042 724 1241 776 habeant,
1261 726 1374 767 mala
1398 741 1545 768 eorum
1563 728 1789 782 applicatio
1808 732 1983 773 ostendi.
2008 733 2045 774 Τ
2040 745 2105 775 er-

156 782 260 823 tium.
293 783 369 827 est,
403 782 449 820 ut
481 779 533 819 ad
556 782 805 833 argumenta
823 780 851 821 81
868 781 919 821 3(1
937 782 1165 823 solutiones
1184 783 1225 823 iu
1243 783 1380 825 forma
1402 786 1773 841 constringantur3
1793 788 1822 829 81
1844 789 1879 829 31
1897 804 2011 831 111010
2029 805 2103 831 3110

154 837 551 880 rhetoricationibus
584 840 657 878 aut
683 838 821 892 longis
854 839 961 894 logis
992 841 1228 882 nuditatem
1246 845 1389 897 tegere
1407 843 1613 896 laborent,
1632 860 1706 886 nos
1729 846 1918 888 involuta
1935 849 2103 890 evolva-

154 914 246 939 mus
275 897 304 938 81
339 895 533 937 distincte
565 896 609 936 in
642 895 778 937 forma
801 898 1062 952 syllogistica
1096 914 1393 953 proponamus.
1427 901 1619 957 Denique
1652 913 1885 959 urgeantur
1902 907 2099 959 absurda,

154 957 306 1010 quibus
338 953 561 996 Sociniana
583 956 790 996 sententia
813 956 1017 1008 obruitur,
1042 958 1071 999 81
1089 958 1140 998 3(1
1162 959 1266 1000 haec
1284 960 1364 1000 duo
1393 975 1556 1002 summa
1579 976 1625 1003 ac
1640 964 1853 1017 generalia
1870 965 2010 1018 capita
2028 980 2096 1006 re-

154 1016 363 1056 vocentur.
402 1013 438 1053 1.
462 1012 581 1065 Quod
599 1012 685 1054 scil.
711 1016 883 1055 evacuet
905 1017 1041 1056 totum
1062 1017 1309 1070 mysterium
1327 1018 1568 1074 Euangelii,
1593 1022 1622 1063 81
1640 1021 1733 1062 novi
1755 1021 1949 1074 foederis,
1969 1024 2096 1064 illud-

155 1088 235 1128 que
252 1073 296 1113 in
314 1073 453 1127 legem
470 1072 499 1113 81
517 1073 636 1112 vetus
655 1070 800 1113 foedus
823 1087 996 1126 operum
1014 1075 1309 1126 transformet3
1343 1079 1468 1131 atque
1487 1078 1589 1119 adeo
1608 1079 1862 1134 religionem
1881 1081 2096 1123 Christia-

152 1147 251 1172 nam
268 1133 292 1172 a
308 1129 560 1172 naturaliter
575 1132 674 1171 nota
694 1131 974 1172 essentialiter
991 1148 1073 1173 non
1097 1133 1344 1189 distinguat.
1379 1136 1416 1177 2,
1441 1137 1561 1189 Quod
1579 1152 1744 1179 omnem
1766 1140 2099 1182 consolationem

152 1190 190 1230 in
228 1189 460 1231 tentatione
487 1189 516 1230 81
538 1188 578 1229 ir.
598 1191 732 1230 morte
751 1189 1015 1232 conscientiis
1034 1192 1250 1234 subducat.
1270 1193 1361 1234 Hoc
1379 1195 1559 1247 practice
1579 1196 1881 1238 deducendum.
1900 1197 1998 1240 VII.
2018 1198 2099 1240 At-

152 1263 232 1302 que
270 1249 374 1289 haec
409 1247 453 1287 in
485 1247 642 1288 directa
668 1248 861 1301 probatio
879 1249 1097 1304 septimam
1120 1251 1295 1292 classem
1313 1253 1566 1294 constituere
1584 1257 1737 1308 potest,
1757 1256 1786 1297 81
1803 1256 2002 1309 specialia
2021 1257 2098 1298 ab·

153 1308 277 1348 surda
294 1305 605 1361 quamplurima
622 1309 764 1347 contra
783 1305 1043 1361 Scripturam
1066 1309 1095 1350 81
1115 1309 1212 1350 fidei
1229 1310 1469 1365 analogiam
1488 1327 1538 1352 ex
1554 1312 1639 1353 illis
1659 1314 1927 1367 generalibus
1946 1315 2092 1357 deduci

151 1368 224 1406 aut
241 1365 317 1407 sub
335 1365 420 1405 illis
439 1363 640 1405 subsumi.
674 1363 792 1405 VIII.
826 1364 894 1406 Ex
913 1366 1144 1408 abundanti
1168 1368 1290 1422 adjici
1306 1372 1447 1422 potest
1469 1370 1719 1412 universalis
1737 1372 1867 1413 totius
1887 1372 2089 1414 Christia-

151 1424 290 1475 nismi,
308 1426 400 1464 tum
417 1422 580 1476 antiqui
598 1425 689 1463 tum
707 1422 898 1464 hodierni
914 1439 1138 1466 consensus
1154 1441 1162 1467 :
1187 1427 1287 1480 quin
1319 1427 1446 1469 etiam
1466 1443 1515 1469 ex
1533 1429 1810 1471 Ethnicorum
1828 1430 2091 1487 aliorumque

150 1484 442 1523 extraneorum
470 1480 702 1536 Theologia
725 1481 773 1522 de
790 1482 1038 1524 necessitate
1061 1485 1339 1539 purgationis,
1359 1487 1387 1528 81
1406 1487 1660 1541 expiationis
1677 1492 1943 1542 peccatorum
1961 1505 2091 1545 argu-

150 1543 337 1582 mentum
357 1539 526 1592 aliquod
543 1539 595 1580 ad
611 1539 825 1580 hominem
842 1544 1115 1594 proponatur.
1151 1542 1257 1585 Vide
1286 1559 1392 1598 quae
1410 1545 1453 1585 in
1472 1545 1583 1587 hunc
1600 1547 1726 1587 finem
1744 1547 1926 1589 indicata
1950 1552 2048 1590 sunt
2068 1551 2092 1590 a

152 1599 305 1650 Grolio,
333 1598 387 1640 ad
408 1599 533 1654 finem
559 1598 653 1640 libri
669 1599 717 1640 de
736 1599 1025 1654 salissaclione,
1045 1600 1074 1642 81
1091 1601 1334 1644 conferatur
1350 1603 1457 1644 liber
1475 1604 1620 1646 Johan.
1644 1606 1853 1648 Guilz'elmi
1871 1606 2027 1649 Sluclciz’
2044 1608 2092 1649 de

153 1657 363 1713 sacrificiis
384 1657 619 1699 Gentilium.

207 1714 250 1759 3.
283 1715 472 1757 Secunda
509 1714 791 1758 Controversia
823 1716 1029 1770 capitalis,
1063 1732 1169 1771 quae
1193 1717 1515 1762 Christianismo
1537 1735 1630 1762 cum
1649 1722 1900 1776 quibusdam
1917 1724 2086 1765 hetero-

147 1774 263 1815 doxis
282 1772 695 1829 (Remonstrantibus
711 1773 798 1814 scil.
817 1774 861 1815 in
878 1774 1041 1829 Belgio,
1060 1775 1175 1816 Viris
1192 1777 1227 1817 si
1244 1792 1326 1818 non
1345 1777 1604 1830 Socinianae,
1623 1781 1772 1821 saltem
1787 1782 1937 1823 dubiae
1951 1782 2090 1824 Theo-

147 1832 299 1887 logiae)
333 1831 567 1883 intercedit,
602 1834 664 1873 est
691 1832 739 1873 de
758 1832 906 1873 merito
929 1832 1086 1874 Christi
1103 1849 1177 1887 pro
1195 1835 1329 1887 nobis,
1349 1835 1426 1877 hoc
1446 1840 1521 1888 est,
1542 1838 1628 1879 vice
1651 1839 1680 1880 81
1698 1839 1787 1880 1000
1804 1843 1959 1888 1103110,
1980 1842 2010 1883 81
2027 1842 2087 1882 310

146 1891 190 1931 111
226 1891 382 1932 bonum
399 1892 589 1931 nostrum
606 1890 828 1931 actualiter
845 1892 1060 1944 praestito,
1079 1907 1152 1933 seu
1170 1893 1219 1933 de
1236 1893 1523 1936 satisfactione
1541 1896 1665 1949 plena
1681 1911 1728 1938 ac
1748 1898 1915 1952 proprie
1934 1899 2045 1940 dicta
2066 1902 2090 1940 3

146 1948 313 1990 Christo
330 1947 549 2002 Sponsore,
570 1949 658 1989 loco
675 1951 816 1990 nostro
834 1949 1024 2003 justitiae
1047 1950 1212 1991 divinae
1228 1953 1446 2005 praestita.
1479 1952 1547 1994 Illi
1565 1954 1895 1996 satisfactionem
1913 1958 1943 1998 81
1964 1957 2089 1998 111011-

146 2009 237 2048 tum
268 2006 426 2049 Christi
458 2006 517 2048 sic
545 2006 768 2061 accipiunt,
801 2009 921 2061 quasi
939 2008 1046 2048 nihil
1064 2008 1178 2050 aliud
1195 2009 1250 2050 sit
1273 2025 1399 2064 quam
1422 2012 1553 2065 partis
1572 2013 1754 2054 offensae
1772 2014 1870 2054 talis
1888 2015 2086 2068 placatis),

147 2068 229 2119 qua
261 2065 417 2107 offenso
449 2065 651 2106 hactenus
683 2065 847 2116 satisfit,
869 2069 915 2107 ut
932 2066 976 2107 in
993 2067 1175 2121 gratiam
1193 2068 1327 2110 redire
1346 2069 1460 2119 velit,
1479 2084 1572 2111 cum
1591 2085 1653 2122 eo,
1671 2071 1743 2125 qui
1761 2072 1948 2123 offendit,
1967 2074 1995 2115 81
2014 2088 2088 2127 per

146 2138 273 2177 quam
304 2122 494 2165 Christus
526 2124 615 2165 Deo
637 2123 755 2165 Patri
767 2124 835 2178 jus
853 2124 881 2166 81
904 2125 1164 2166 voluntatem
1182 2127 1450 2180 acquisiverit
1468 2143 1621 2169 novum
1639 2129 1784 2170 foedus
1802 2130 1973 2171 ineundi
1992 2146 2086 2172 cum

145 2182 400 2223 hominibus.
435 2183 485 2224 In
514 2183 613 2224 actis
644 2182 801 2238 Synodc'
834 2183 1065 2226 Nationalc's
1099 2184 1352 2227 Dordracen.
1372 2187 1417 2227 in
1434 2187 1621 2241 emplc'cat.
1640 2189 1755 2229 artic.
1780 2189 1819 2229 2.
1842 2187 1891 2229 In
1907 2190 2082 2244 consess.

145 2254 235 2296 cap.
269 2241 308 2282 8.
329 2241 352 2295 ξ
375 2241 413 2280 9.
432 2240 570 2281 001131.
589 2255 683 2282 011111
703 2241 904 2296 Apoloqia
922 2256 1008 2296 cap.
1028 2242 1067 2284 8.
1086 2243 1122 2297 ξ.
1142 2243 1181 2284 9.
1200 2242 1321 2285 Unde
1339 2248 1582 2298 sequeretur
1599 2245 1813 2287 Christum
1831 2246 1950 2301 [pag.
1975 2248 2081 2303 234]

144 2313 290 2340 revera
306 2297 557 2352 Sponsorem
573 2301 761 2340 nostrum
778 2314 860 2341 non
877 2300 1020 2352 fuisse,
1038 2316 1114 2342 nec
1130 2301 1218 2343 loco
1236 2305 1378 2344 nostro
1395 2318 1578 2357 passum,
1596 2318 1671 2345 nec
1687 2304 1807 2345 nobis
1823 2305 1966 2359 propri
1984 2306 2084 2359 quid

145 2357 415 2412 acquisivisse
448 2359 521 2398 aut
551 2357 811 2411 impetrasse,
843 2373 919 2400 1100
951 2359 995 2400 in
1027 2374 1145 2401 cruce
1180 2375 1401 2414 personam
1435 2362 1660 2403 electorum
1680 2363 1950 2404 sustinuisse:
1974 2364 2084 2418 quod

145 2418 404 2470 postremum
433 2415 538 2456 haut
569 2415 742 2456 obscure
765 2417 914 2458 asserit
933 2418 1135 2460 Corvinus
1151 2432 1239 2473 cap.
1269 2420 1336 2461 27.
1356 2420 1392 2474 ξ.
1410 2420 1448 2460 6.
1471 2419 1512 2461 ἃ·
1529 2420 1596 2460 28.
1616 2421 1652 2475 §-
1676 2421 1744 2462 30.
1777 2419 1840 2461 De
1859 2422 2083 2475 acceptila-

145 2475 258 2515 tione
276 2478 304 2514 81
325 2476 446 2528 pacto
462 2473 572 2514 inter
588 2472 801 2516 Christum
823 2489 870 2516 ac
886 2475 1055 2517 Patrem
1072 2476 1176 2517 inito
1194 2477 1330 2519 Jacob.
1350 2477 1569 2520 Arminius
1588 2479 1631 2519 in
1648 2478 1762 2520 artie.
1779 2479 2082 2533 perpendendis

143 2547 241 2588 pay.
273 2532 370 2573 963.
389 2533 434 2574 in
462 2532 501 2573 8.
520 2531 657 2573 collat.
677 2546 769 2573 cum
787 2546 892 2587 resp.
915 2534 970 2576 ad
986 2535 1101 2576 artic.
1120 2535 1187 2576 31.
1207 2534 1246 2577 ἃ·
1263 2536 1330 2577 34.
1360 2537 1539 2578 Vorstins
1561 2537 1607 2577 in
1622 2538 1790 2592 catalogy.
1807 2550 1997 2579 errorum
2016 2537 2082 2578 Si-

147 2590 298 2633 brandi
326 2605 423 2646 paq.
457 2590 524 2631 31.
559 2589 628 2631 38.
663 2590 730 2631 61.
764 2591 832 2632 (1·8.
866 2591 895 2634 81
931 2593 1096 2634 Parase.
1129 2607 1235 2648 resp.
1264 2595 1320 2635 ad
1351 2595 1601 2637 Piscatorem
1629 2607 1726 2649 paq.
1752 2595 1819 2635 25.
1840 2596 1869 2637 81
1890 2596 2083 2637 Oratione

145 2650 312 2705 Apoloq.
344 2662 437 2705 pay.
471 2648 539 2689 47.
573 2647 766 2689 Breviter
797 2649 842 2690 in
866 2651 1076 2702 Caceehesi,
1095 2652 1359 2705 consessione,
1380 2654 1408 2695 81
1427 2653 1597 2707 ι’ῖίιινῃὶα
1619 2652 1827 2708 Baptismi
1842 2666 1889 2694 ac
1912 2653 2079 2704 Coenae,

145 2708 247 2749 item
277 2715 538 2762 acyrolormn
554 2706 829 2749 consolatione
845 2709 1028 2750 studiose
1045 2709 1126 2750 sibi
1142 2713 1290 2751 cavent
1306 2709 1650 2752 Remonstrantes
1669 2712 1693 2751 a
1709 2724 1808 2752 voce
1825 2710 2080 2752 satisfactio-

146 2766 230 2816 nis3
263 2780 338 2807 nec
357 2765 500 2807 dicunt
516 2764 730 2806 Christum
747 2765 985 2808 obedientia
1002 2781 1077 2809 sua
1094 2767 1294 2809 meruisse
1311 2769 1340 2810 81
1361 2768 1572 2823 peperisse
1588 2768 1707 2809 nobis
1724 2768 2035 2810 immunitatem
2054 2771 2078 2809 3

147 2824 488 2866 condemnatione
521 2825 550 2867 81
567 2823 800 2878 praemium
817 2823 928 2865 vitae
945 2827 1138 2866 aeternae
1151 2826 1260 2880 quod
1277 2829 1418 2867 tamen
1431 2826 1604 2880 antiqua
1615 2825 1804 2867 Ecclesia
1814 2828 1844 2869 81
1854 2826 2078 2923 110ᾶίοῗ30

1092 2887 1142 2923 12
1939 2898 1984 2925 re
2005 2897 2078 2923 or-
