2399 3084
578 129 1647 174 Dlsr.XI.D3SA1³1;ATnoss'rFsssrls.
1993 129 2073 171 331

143 267 288 297 cessar.
321 254 601 297 Demonstrat.
637 253 750 295 XVI.
787 253 852 295 An
875 255 904 296 a
931 254 1137 308 quomodo
1160 253 1492 307 respondendum
1522 253 1573 294 ad
1590 253 1877 307 quaestionem
1895 267 1941 294 ac
1958 267 2078 294 casus

143 313 193 354 de
211 312 406 366 operibus
425 313 676 366 quibusdam
692 313 744 354 ob
767 312 1021 366 parvitatem
1053 312 1254 353 materiae
1286 313 1315 354 &
1332 312 1502 353 modum
1525 312 1675 365 agendi
1693 311 1922 361 vilissimis,
1939 311 2078 352 minu-

142 371 330 421 tissimis,
364 371 660 421 servilissimis‚
695 386 757 412 ex.
792 385 854 425 gr.
898 386 961 420 an¹
983 371 1108 412 liceat
1144 371 1304 411 cloacas
1337 372 1410 411 aut
1431 370 1597 411 canales
1619 384 1812 425 purgare,
1837 370 2078 423 pavimenta

142 443 329 478 verrere3
368 432 598 483 praeterea,
632 444 769 471 emere
796 430 911 479 ficus,
945 444 1044 469 uvas
1062 431 1218 482 pastas,
1236 428 1515 478 necotianum,
1535 428 1677 469 vinum
1697 429 1906 478 adustum,
1925 427 2076 481 sinapi,

142 490 318 538 acetum,
340 502 478 542 poma,
501 488 670 543 ligulas,
703 488 896 538 aciculas,
934 490 1085 538 ostrea,
1118 487 1306 541 squillas,
1330 487 1529 536 haleceln,
1559 486 1740 527 frustum
1759 486 1881 534 casei,
1900 486 2076 540 piscicu-

141 546 243 596 lum,
261 546 462 588 intestina
480 547 544 588 &c.
564 545 681 587 Adde
698 561 821 596 nunc,
854 561 907 586 an
927 545 1053 587 liceat
1069 560 1163 587 cum
1182 545 1326 586 amicis
1344 545 1627 595 deambulare,
1645 545 1784 586 thedis
1801 547 1875 585 aut
1891 544 2072 599 navigiis

144 604 429 658 voluptuarias
447 605 476 646 &
493 604 765 646 recreatori-as
787 604 1051 645 excursiones
1069 619 1115 645 ac
1132 603 1398 645 circuitiones
1419 603 1653 654 instituere,
1680 618 1770 644 cum
1795 603 1846 644 iis
1864 603 1916 643 ad
1938 617 2077 644 amoe-

141 677 216 704 nos
249 663 407 713 hortos,
441 663 493 704 ad
525 662 730 704 Thessala
768 665 907 716 tempe
946 662 1186 716 exspatiari,
1219 662 1458 715 ibidemque
1476 676 1518 703 se
1536 661 1878 712 recreationibus,
1901 661 2076 712 lusibus,

141 721 350 763 exercitiis
367 721 411 762 in
428 736 471 763 se
489 736 569 762 non
588 721 749 762 illicitis
768 721 1009 762 oblectare?
1031 722 1149 775 Resp.
1172 722 1209 762 1.
1233 719 1298 761 Ad
1320 720 1489 774 quasvis
1516 720 1780 774 quaestiones
1802 735 1877 761 nec
1898 734 2075 774 semper,

141 794 215 821 nec
232 780 292 820 ita
306 781 470 834 promte
487 780 820 833 respondendum
836 795 844 826 ς
858 780 1105 833 praesertim
1124 779 1159 820 si
1172 780 1283 832 juste
1301 793 1567 832 praesumere
1580 779 1801 832 possimus,
1820 778 2076 832 quaesitores

139 838 245 879 tales
283 852 372 879 esse
413 837 638 886 ἓμπ-αῖκτας
662 839 703 892 (2
714 838 823 880 Petr.
839 839 876 878 3.
895 852 997 879 vers.
1019 838 1076 891 3.)
1101 840 1173 878 aut
1192 853 1239 884 ex
1259 852 1402 879 eorum
1419 852 1606 888 numero,
1625 852 1728 890 quos
1751 837 1922 878 canibus
1940 836 1969 878 &
1987 851 2077 890 por-

141 896 199 938 cis
216 899 431 950 comparat
452 898 639 937 servator
657 897 800 938 Macth.
827 897 864 938 7.
889 899 961 937 aut
979 912 1029 938 ex
1046 911 1220 937 numero
1238 896 1477 947 stultorum,
1496 896 1544 937 de
1563 896 1715 950 quibus
1735 896 1927 937 Provcrb.
1949 896 2015 936 26.
2036 895 2075 936 4.

140 956 199 999 Ne
214 955 414 1010 responde
428 955 551 997 stulto
567 955 793 997 secundam
811 956 1038 997 stultitiam.
1057 954 1144 996 Aut
1157 970 1206 995 ex
1218 969 1391 996 numero
1408 969 1573 1008 semper
1585 954 1848 1004 discentium,
1860 968 2077 1008 nunquam

139 1014 189 1055 ad
222 1013 504 1068 cognitionem
540 1013 730 1054 veritatis
768 1014 1102 1067 pervenientium
1136 1014 1175 1054 2.
1217 1012 1392 1055 Timoch.
1425 1014 1465 1055 3.
1497 1027 1532 1054 v.
1554 1014 1591 1054 7.
1611 1012 1716 1054 Cum
1738 1012 1849 1054 enim
1865 1012 1978 1053 facta
1994 1011 2079 1053 sint

138 1071 318 1120 infinita,
357 1086 404 1113 ac
439 1074 662 1126 propterea
683 1087 826 1113 omnes
848 1075 936 1113 tam
959 1072 1143 1126 expediti
1160 1074 1246 1113 tam
1264 1071 1523 1126 perspicaces
1541 1086 1623 1112 non
1640 1071 1724 1113 sint
1741 1071 1792 1112 ad
1809 1085 2076 1125 quoscunque

138 1145 259 1172 casus
291 1131 520 1172 secundum
552 1130 826 1184 particulares
845 1130 1180 1172 circumstantias
1209 1133 1347 1171 stante
1365 1131 1470 1184 pede
1487 1133 1575 1171 tam
1594 1131 1786 1171 accurate
1804 1131 1832 1171 &
1849 1130 2077 1183 prudenter

139 1189 491 1241 determinandos,
527 1191 574 1230 ut
608 1189 815 1243 captiosas
843 1189 1130 1230 cavillationes
1164 1190 1193 1231 81
1215 1203 1366 1230 sannas
1389 1189 1712 1242 sophisticorum
1730 1187 1956 1236 ἑμπ-αἱκτων
1973 1187 2077 1228 effu-

139 1261 238 1302 gere
271 1249 450 1301 queant:
483 1249 671 1301 praestat
704 1250 728 1288 a
758 1247 1027 1301 responsione
1065 1247 1348 1301 supersedere.
1383 1246 1630 1295 Questiones
1648 1248 1781 1295 μὼρκς
1797 1246 1945 1300 fugere
1963 1246 2081 1287 docet

138 1307 352 1360 apostolus
371 1307 409 1346 2.
436 1307 472 1347 T
470 1306 539 1347 im..
564 1307 602 1346 2.
620 1319 658 1347 v.
678 1307 746 1347 23.
772 1307 846 1348 Tic.
871 1308 909 1346 3.
928 1319 964 1347 v.
984 1307 1024 1347 9.
1042 1321 1148 1359 quae
1171 1305 1479 1346 contentionem
1498 1305 1680 1359 pariunt.
1702 1306 1739 1344 2.
1761 1306 2077 1360 Nonmmquam

137 1366 280 1406 tamen
297 1364 644 1418 respondendum,
678 1379 771 1405 cum
795 1364 901 1405 tales
919 1366 992 1405 aut
1009 1364 1168 1406 similes
1191 1364 1455 1418 quaestiones
1478 1364 1530 1404 ab
1553 1363 1848 1419 ignorantibus
1865 1365 1938 1404 aut
1959 1362 2077 1404 infir-

136 1422 230 1473 mis,
249 1425 322 1464 aut
340 1422 468 1464 etiam
487 1425 511 1463 a
527 1422 642 1473 viris,
661 1423 813 1477 quibus
831 1437 1077 1476 responsum
1093 1422 1242 1477 negari
1258 1437 1341 1463 non
1365 1422 1500 1473 debet,
1519 1424 1819 1476 proponuntur.
1853 1421 1932 1462 Ex.
1961 1436 2026 1476 gr.
2044 1421 2079 1462 si

137 1483 424 1536 proponantur
441 1481 540 1522 illae
559 1475 824 1535 quaestiones
842 1495 946 1535 quas
965 1481 1105 1523 audivi
1123 1481 1348 1535 aliquando
1368 1480 1609 1522 Candidatis
1634 1480 1856 1521 ministerii
1873 1481 1902 1522 &
1919 1479 2076 1521 vocatis

135 1540 341 1582 ministris
357 1539 594 1594 propositas
617 1539 760 1591 fuisse,
785 1539 852 1580 An
871 1539 906 1580 si
923 1540 1068 1581 domus
1094 1539 1286 1581 incendio
1306 1540 1584 1594 corriperetur
1606 1554 1655 1580 ex
1673 1542 1720 1580 ea
1737 1538 1881 1580 liceret
1897 1538 2076 1593 fugere?

136 1598 205 1640 An
235 1599 381 1640 liceret
417 1598 633 1640 ambulare
647 1604 666 1639 Ρ
699 1598 765 1639 An
790 1613 883 1640 cum
905 1598 1046 1652 aliquo
1065 1598 1176 1640 domi
1193 1598 1324 1652 ipsius
1342 1613 1493 1652 panem
1511 1598 1663 1639 edere?
1685 1597 1755 1638 An
1772 1597 1964 1638 ministro
1981 1612 2077 1651 pra-

135 1657 209 1698 xin
239 1657 444 1711 medicam
473 1656 584 1698 inter
615 1671 711 1698 suos
744 1672 793 1698 ex
816 1657 1064 1698 necessitate
1083 1658 1112 1699 &
1129 1657 1303 1698 caritate
1325 1657 1546 1704 exercenti,
1566 1656 1731 1697 urinam
1747 1670 1794 1697 eo
1812 1655 1877 1696 die
1895 1656 2078 1697 delatam

135 1715 370 1769 inspicere?
388 1715 503 1764 Quae
515 1715 682 1768 ineptae
700 1716 729 1757 81
746 1715 922 1756 stolidae
940 1715 1205 1769 quaestiones
1223 1715 1350 1756 tacite
1366 1715 1617 1756 videbantur
1638 1715 1806 1768 culpare
1824 1714 1986 1768 aliquos
2005 1717 2078 1755 aut

136 1776 349 1828 suspectos
366 1773 516 1824 facere,
535 1773 655 1826 quasi
677 1773 816 1814 omnia
837 1773 911 1814 illa
929 1774 1120 1815 absolute
1138 1774 1286 1814 illicita
1304 1788 1392 1814 esse
1418 1774 1726 1814 contenderent.
1757 1771 1876 1821 Quod
1913 1772 1947 1812 si
1976 1786 2076 1827 ergo

137 1847 256 1874 casus
277 1832 447 1882 incidat,
481 1846 562 1885 quo
583 1846 667 1873 non
683 1832 784 1882 risu,
819 1834 891 1872 aut
912 1831 1215 1886 indignatione,
1240 1834 1312 1872 aut
1328 1831 1565 1886 rejectione,
1585 1834 1658 1872 aut
1683 1831 1926 1885 quaestione
1949 1844 2075 1884 quae-

136 1891 265 1932 stioni
281 1890 486 1945 opposita,
501 1890 574 1931 sed
592 1890 700 1931 seria
717 1890 745 1932 81
760 1890 915 1931 directa
926 1890 1195 1944 responsione
1209 1890 1437 1944 quaesitori
1448 1889 1745 1931 occurrendum
1762 1889 1830 1940 sit,
1844 1889 2076 1943 distingues

135 1949 340 1991 breviter:
361 1949 396 1990 si
413 1949 529 1989 nulla
547 1949 602 1989 sit
617 1948 844 1990 necessitas
863 1951 991 2003 (quae
1015 1949 1216 2003 gradibus
1234 1949 1436 2001 variatur)
1454 1963 1536 1989 non
1556 1963 1644 1989 0330
1662 1948 1714 1989 ab
1731 1947 1924 1988 omnibus
1943 1948 1972 1989 81
1989 1947 2074 1988 sin-

136 2008 248 2063 gulis
278 2007 362 2048 ista
393 2007 533 2048 omnia
570 2022 696 2061 supra
713 2010 970 2056 enumerata,
995 2009 1068 2048 aut
1084 2007 1349 2061 conjunctim,
1369 2010 1442 2048 aut
1464 2006 1630 2047 divisim
1647 2007 1831 2061 agenda:
1859 2005 2012 2046 nedum
2029 2008 2075 2046 ut

135 2066 179 2107 in
198 2066 308 2107 diem
326 2065 603 2107 ‚Dominicum
634 2068 912 2116 reserventur,
935 2080 1030 2107 cum
1048 2069 1144 2107 ante
1166 2068 1239 2106 aut
1260 2068 1355 2119 post
1377 2080 1472 2107 eum
1500 2066 1724 2114 commode,
1747 2065 1875 2105 immo
1893 2078 2075 2105 commo-

136 2125 229 2166 dius
261 2139 309 2166 ea
328 2125 400 2179 agi
420 2127 607 2178 possunt.
641 2123 715 2165 Sin
736 2124 963 2165 necessitas
991 2124 1132 2178 aliqua
1154 2124 1222 2175 sit,
1241 2124 1364 2178 idque
1383 2124 1471 2165 sine
1490 2124 1661 2177 praevia
1677 2123 1913 2164 voluntaria
1938 2122 2074 2176 negli-

135 2183 292 2238 gentia,
317 2183 406 2237 jam
432 2197 551 2224 casus
588 2183 657 2224 1110
693 2183 791 2224 talis
829 2185 903 2233 est,
939 2185 987 2223 ut
1016 2182 1061 2223 in
1093 2198 1186 2224 eum
1215 2198 1296 2224 non
1314 2183 1436 2224 cadat
1456 2181 1693 2236 profanatio
1712 2181 1932 2223 Sabbathi.
1965 2179 2073 2229 Quin

136 2242 254 2297 [pag.
281 2241 415 2296 1270]
449 2241 577 2282 etiam
615 2241 752 2295 posita
788 2241 1006 2282 hominum
1025 2242 1230 2295 culpanda
1247 2241 1511 2296 negligentia
1529 2243 1603 2282 aut
1619 2240 1841 2291 oblivione,
1858 2239 2073 2280 nihilomi-

135 2315 213 2341 nus
232 2300 438 2353 quaedam
455 2314 505 2340 ex
521 2299 606 2340 illis
623 2300 785 2354 agenda
802 2302 954 2349 essent,
977 2300 1183 2353 siquidem
1201 2299 1359 2341 occasio
1377 2299 1405 2340 Sc
1421 2299 1647 2340 necessitas
1660 2299 1701 2339 id
1719 2298 1917 2353 exigeret.
1935 2297 1987 2339 Ε.
2009 2312 2074 2352 gr.

137 2358 173 2400 si
190 2358 284 2412 quis
315 2358 471 2399 oblitus
505 2360 614 2399 esset
640 2373 806 2412 panem,
836 2361 908 2399 aut
934 2358 1223 2413 frugalissima
1253 2358 1426 2399 obsonia
1446 2357 1569 2408 casei,
1591 2357 1761 2405 halecis,
1781 2356 1906 2398 frusti
1923 2356 2073 2407 carnis,

136 2418 201 2459 810.
236 2430 386 2467 emere,
435 2418 508 2456 aut
543 2416 676 2469 pridie
717 2431 800 2458 non
837 2417 1043 2470 potuisset
1060 2432 1197 2458 emere
1220 2416 1384 2457 defectu
1400 2430 1678 2456 nummorum.
1709 2415 1929 2469 Plerisque
1951 2414 2072 2456 obso-

134 2475 216 2516 niis
248 2475 300 2516 ad
335 2474 515 2528 primam
547 2475 577 2516 81
607 2475 842 2525 secundam,
865 2477 912 2516 ut
932 2476 961 2516 81
977 2475 1165 2516 bellariis
1187 2489 1234 2516 ac
1251 2474 1463 2515 dulciariis
1481 2475 1533 2515 ad
1553 2474 1722 2515 tertiam
1739 2488 1927 2514 mensam
1943 2473 2072 2527 perti-

134 2533 331 2574 nentibus
344 2534 468 2587 (quae
487 2532 714 2587 Scriptores
735 2534 784 2575 de
799 2546 844 2575 re
864 2534 1121 2589 coquinaria,
1141 2535 1170 2576 ὣ
1195 2534 1362 2575 platina
1379 2533 1492 2574 libris
1509 2533 1642 2574 decem
1665 2533 1714 2574 de
1730 2533 1897 2574 honestet
1925 2532 2072 2586 Volup-

136 2599 226 2642 tate,
264 2591 461 2642 obsoniis,
499 2591 774 2632 condimentis
805 2592 1011 2645 complexi
1029 2592 1142 2645 sunt)
1159 2592 1284 2633 homo
1302 2591 1425 2632 facile
1443 2605 1582 2632 carere
1604 2593 1744 2644 posset
1760 2591 1881 2632 unico
1897 2590 1971 2631 illo
1993 2591 2072 2639 die,

135 2663 318 2703 suaeque
349 2649 428 2690 hoc
462 2649 748 2704 negligentiae
779 2650 1006 2703 imputare:
1051 2665 1133 2691 non
1171 2665 1260 2691 esse
1278 2663 1391 2704 ergo,
1410 2649 1518 2703 quod
1535 2649 1613 2690 tali
1630 2649 1673 2690 in
1690 2664 1788 2691 casu
1804 2649 1855 2690 iis
1877 2648 2074 2703 parandis

135 2710 261 2762 atque
294 2707 478 2748 emendis
509 2708 772 2749 venditorum
804 2711 929 2762 atque
962 2708 1170 2750 artificum
1202 2707 1462 2750 Sabbathum
1486 2707 1752 2749 interturbet.
1787 2707 1905 2756 Quod
1926 2707 1962 2748 si
1990 2707 2074 2748 sint

135 2765 311 2822 aegroti,
345 2780 586 2820 puerperae,
619 2767 830 2821 gravidae,
869 2766 934 2808 &c.
963 2767 1114 2820 quibus
1151 2767 1232 2808 ista
1255 2768 1473 2807 emuntur:
1503 2766 1592 2820 jam
1613 2766 1824 2808 reducitur
1845 2766 1948 2807 haec
1969 2780 2072 2820 pra—

135 2824 296 2880 gmatia
327 2825 379 2866 ad
398 2838 524 2878 opera
540 2824 847 2867 misericordiae
871 2825 900 2867 &
917 2824 1190 2868 necessitatis.
1224 2824 1351 2867 Secus
1368 2839 1411 2866 se
1427 2839 1493 2866 res
1516 2824 1645 2866 habet
1666 2824 1701 2866 si
1718 2825 1823 2867 fiant
1839 2824 2073 2867 deliciantis

1941 2897 2072 2924 animi
