2399 3084
215 83 270 124 56
612 80 1027 135 D1srp.III.DE
1058 79 1207 121 JURE
1240 94 1301 121 ET
1334 79 1618 121 ξ1113111111
1650 80 1776 122 Dm.

219 208 257 249 1.
275 206 341 248 cui
359 221 442 247 non
456 205 675 259 subjicitur
697 204 838 246 divina
854 204 1049 254 essentia,
1068 203 1166 257 quia
1184 206 1247 245 est
1263 203 1357 258 ipsa
1374 204 1454 244 lex.
1481 204 1571 246 lbid
1587 205 1702 246 artic.
1727 204 1767 246 4.
1787 204 1866 246 Est
1883 205 2011 246 etiam
2023 204 2066 245 in
2083 204 2174 246 Deo

215 267 322 315 idea,
337 280 442 319 quae
454 264 583 305 habet
599 264 820 314 rationem,
839 263 955 307 artis.
975 264 1004 305 81
1022 262 1286 316 exemplaris,
1307 264 1335 305 &
1354 262 1551 316 principii
1564 262 1855 316 operationum
1868 262 1948 305 Dei
1961 264 2013 304 ad
2026 266 2145 305 extra
2163 278 2172 304 ε

217 325 279 366 uti
296 325 443 365 docent
459 323 694 365 Scholastica·
709 323 765 364 ad
783 322 819 362 1.
840 336 908 377 qa.
931 321 997 362 15.
1020 322 1136 362 artic.
1157 322 1194 362 1.
1215 322 1253 362 2.
1274 322 1313 362 3.
1333 323 1362 363 81
1379 322 1512 362 nostri
1532 321 1721 376 theologi
1739 337 1832 363 curn
1849 322 1972 376 ipsis:
1997 337 2174 376 quorum

218 384 379 436 aliquos
407 381 639 422 indicamus
666 381 710 422 111
737 381 845 435 disp.
868 381 917 422 de
938 381 1105 422 scientid
1122 381 1212 422 Dei.
1232 379 1276 421 Si
1295 394 1394 435 ergo
1417 380 1631 421 volitionis
1654 380 1818 422 divinae
1842 383 1871 423 81
1890 381 2045 436 legum,
2072 396 2175 435 quas

218 443 300 483 fert
312 440 527 491 creaturis,
546 441 575 482 81
593 440 886 494 operationum
905 442 1171 480 externarum
1191 439 1299 480 circa
1315 442 1564 490 creaturam,
1589 439 1730 493 aliqua
1747 440 1907 495 regula,
1920 455 2080 490 norma,
2094 441 2175 491 lex,

219 499 478 553 Principium
501 499 544 539 in
572 498 661 540 Deo
692 501 877 552 ponatur
904 501 1133 546 θεοπρεπῶς
1158 498 1276 553 [pag.
1297 497 1403 553 380]
1423 500 1653 552 acceptum,
1673 498 1818 552 utique
1835 499 2008 539 minime
2028 499 2177 540 evertit

219 559 299 600 Dei
316 557 541 599 essentiam
558 558 588 599 81
604 558 865 599 voluntatem
877 557 1059 611 primam
1070 556 1404 610 indepedentem,
1419 557 1603 608 ἄυκρχον.
1622 556 1714 598 Ηο0
1726 557 1865 611 ipsum
1881 558 1918 598 1.
1930 565 2038 612 part.
2052 558 2178 612 hujus

220 619 325 672 disp.
355 617 467 658 thesi.
504 616 544 658 4.
569 631 619 657 ex
656 617 847 670 CaJetarto
872 615 1142 657 ostendimus.
1176 615 1232 656 Et
1262 615 1410 656 docent
1429 616 1708 656 communiter
1724 616 1911 671 theologi
1930 616 2064 657 nostri
2085 631 2180 657 cum

221 675 505 725 Scholasticis,
524 675 597 716 ubi
615 675 833 729 disputant
844 674 1074 715 voluntatis
1093 674 1258 715 divinae
1275 688 1445 715 causam
1462 689 1551 715 esse
1568 675 1832 715 voluntatem
1845 674 2042 725 divinam,
2056 675 2100 715 in
2112 689 2179 715 or-

222 735 317 776 dine
334 734 493 775 scilicet
510 734 562 774 ad
579 734 723 783 volita,
742 735 772 776 81
790 734 899 787 quod
912 733 963 773 ad
978 732 1083 773 attin
1089 733 1278 787 gentiam
1291 733 1515 786 passivam.
1530 733 1577 773 11
1590 766 1596 774 .
1614 733 1873 788 Adpriorem
1886 733 2106 787 probation
2113 749 2178 774 em

222 793 395 835 minoris
432 794 627 847 respond.
659 793 854 834 voluntas
887 791 1076 833 mandati
1107 792 1274 845 proprie
1314 793 1338 832 a
1355 791 1584 847 Theologis
1614 792 1766 833 dicitur
1782 792 1977 846 regulare
1994 794 2181 833 nostram

222 853 483 894 voluntatem
501 854 749 905 nostrasque
768 851 951 892 actiones
975 851 1004 891 81
1022 850 1065 890 10
1083 851 1226 891 ordine
1246 851 1297 891 ad
1320 865 1408 901 nos,
1428 851 1458 892 81
1480 851 1539 892 310
1560 851 1677 892 1111110
1694 851 1817 892 010(10
1835 851 2066 906 regulatur.
2101 850 2183 892 Sed

222 912 314 953 ideo
336 926 418 952 non
449 913 672 966 repugnat,
697 910 871 951 eandem
903 912 1189 963 comparatam
1216 924 1310 951 cum
1329 910 1546 951 voluntate
1562 910 1829 964 beneplaciti,
1849 910 1965 964 cujus
1988 911 2183 951 effectum

224 972 301 1020 est,
334 970 521 1025 regulari
554 970 606 1011 ab
642 971 689 1010 ea
719 971 922 1023 tanquam
954 983 1115 1010 norma.
1138 968 1320 1010 Rursum
1340 969 1536 1010 voluntas
1553 969 1807 1023 beneplaciti
1830 984 1903 1010 seu
1923 969 2087 1010 decreta
2103 968 2185 1010 Dei

225 1032 323 1071 sunt
340 1029 487 1084 regula
503 1028 705 1078 mandati,
725 1028 854 1069 immo
873 1029 901 1070 81
920 1027 1106 1069 onmium
1127 1030 1393 1069 externorum
1410 1027 1491 1069 Dei
1509 1043 1700 1082 operum:
1719 1043 1794 1069 nec
1810 1030 1952 1069 tamen
1976 1029 2186 1082 repugnat

224 1088 445 1129 volitioneS
478 1089 507 1130 81
540 1088 704 1129 decreta
735 1088 811 1128 illa
832 1086 1018 1141 regulari
1039 1088 1287 1142 (θεοπρεπῶς
1307 1087 1386 1128 hoc
1402 1087 1610 1142 intellige)
1636 1089 1659 1128 Ξι
1675 1087 1811 1141 prima
1829 1085 1857 1127 81
1879 1086 2186 1140 perfectissima

225 1147 305 1188 Dei
338 1147 519 1188 essentia
553 1161 627 1201 per
652 1146 770 1188 varia
793 1146 1012 1193 attributa,
1031 1145 1291 1199 primitatem
1309 1146 1412 1196 3011.,
1432 1146 1761 1200 simplicitatem,
1780 1145 2186 1195 immutabilitatem,

227 1206 521 1248 aeternitatem
540 1207 606 1248 810.
624 1205 745 1246 nobis
762 1205 806 1246 in
823 1205 950 1245 verbo
967 1203 1047 1245 Dei
1065 1204 1338 1245 manifestata
1357 1220 1405 1246 ac
1422 1206 1629 1259 descripta
1648 1220 1656 1246 :
1676 1205 1736 1245 ita
1755 1207 1800 1245 ut
1823 1205 2051 1245 secundum
2068 1204 2187 1244 illam

228 1267 257 1308 81
275 1280 358 1306 non
376 1264 499 1305 aliter
521 1264 636 1305 Deus
654 1264 757 1305 velit
780 1265 808 1306 &
826 1264 1033 1314 decernat,
1067 1263 1269 1317 quidquid
1292 1264 1399 1305 velle
1418 1266 1491 1305 aut
1508 1265 1728 1305 decernere
1745 1266 1885 1317 potest
1901 1263 1950 1304 de
1970 1263 2190 1314 creaturis,

229 1326 259 1366 &
281 1324 389 1365 circa
412 1326 639 1364 creaturas.
666 1323 729 1365 Ad
761 1323 1027 1378 posteri‘orem
1059 1322 1179 1376 prob.
1214 1324 1260 1365 R.
1296 1321 1429 1364 Omne
1457 1323 1656 1377 regulans
1672 1324 1698 1364 ὲ.
1717 1337 1790 1363 3110
1808 1322 2000 1377 regulato
2017 1322 2189 1362 realiter

230 1383 395 1423 differre
430 1385 631 1435 tanquam
667 1397 835 1423 causam
867 1383 896 1424 81
920 1382 1128 1430 effectum,
1158 1382 1254 1436 Νθῃ.
1288 1381 1337 1422 111
1365 1381 1516 1422 divinis
1549 1381 1737 1435 operatio
1755 1381 1888 1435 patris
1906 1381 1957 1421 ad
1975 1383 2107 1431 extra,
2126 1382 2190 1421 est

231 1441 379 1496 regula
401 1442 429 1483 81
451 1441 665 1494 exemplar
692 1440 945 1494 operationis
970 1439 1070 1480 Filii
1103 1439 1194 1482 Joh.
1220 1440 1258 1481 5.
1277 1455 1314 1482 v.
1338 1440 1403 1480 17.
1425 1441 1491 1482 19.
1518 1440 1605 1482 Nec
1627 1443 1770 1481 tamen
1789 1440 1913 1493 hujus
1931 1439 2118 1493 operatio
2137 1439 2189 1479 ab

232 1500 346 1541 illius
368 1500 540 1541 realiter
570 1499 723 1549 differt,
750 1502 951 1553 tanquam
965 1514 1090 1540 causa
1108 1498 1160 1539 ab
1180 1500 1343 1540 effectu.
1368 1498 1476 1547 Quin
1496 1501 1524 1542 81
1546 1514 1724 1553 persona
1746 1499 1878 1552 patris
1897 1501 1960 1539 est
1977 1498 2191 1551 exemplar

233 1559 263 1600 81
278 1558 355 1599 filii
373 1561 436 1599 est
454 1557 643 1600 &namot
666 1560 703 1600 1.
722 1558 751 1599 81
767 1558 836 1599 1110
852 1558 968 1598 illius
977 1560 1040 1599 est
1049 1557 1266 1599 character
1276 1558 1395 1600 Heba:
1408 1560 1446 1598 1.
1461 1557 1502 1599 N
1505 1573 1556 1599 on
1566 1561 1709 1599 tamen
1719 1557 1985 1611 sequiturhic
1995 1571 2083 1598 esse
2092 1571 2190 1598 cau-

233 1632 322 1658 sam
355 1618 384 1658 81
407 1617 623 1658 effectum:
659 1617 848 1670 quamvis
865 1631 948 1657 non
969 1631 1171 1671 negemus
1191 1632 1335 1658 revera
1353 1617 1532 1658 differre.
1554 1616 1739 1657 Rursum
1756 1616 1945 1670 potentia
1962 1614 2191 1670 generandi

232 1677 275 1717 in
293 1679 412 1730 patre
435 1678 498 1716 est
515 1676 767 1730 principium
785 1690 880 1729 quo,
899 1691 972 1716 seu
990 1675 1217 1716 secundum
1239 1677 1349 1729 quod
1370 1678 1545 1730 generat
1562 1676 1697 1716 filium
1720 1690 1728 1716 :
1746 1690 1822 1716 nec
1843 1677 1983 1715 tamen
2003 1673 2052 1711 τό
2065 1689 2192 1729 gene-

232 1738 323 1776 tare
351 1737 375 1775 a
396 1735 583 1788 potentia
600 1734 829 1789 generandi
846 1734 1016 1775 realiter
1033 1734 1173 1774 differt
1189 1737 1391 1788 tanquam
1409 1735 1604 1775 effectum
1624 1736 1647 1775 a
1664 1749 1800 1775 causa.
1826 1733 2008 1787 Spiritus
2026 1736 2192 1774 sanctus

235 1794 363 1835 sumit
395 1795 419 1833 a
449 1793 549 1843 filio,
582 1794 612 1835 81
640 1794 692 1834 ab
721 1794 795 1834 illo
812 1794 972 1834 revelat
995 1808 1042 1833 ac
1058 1792 1246 1845 loquitur
1262 1794 1350 1835 Jolz.
1373 1794 1440 1835 16.
1462 1807 1498 1835 v.
1522 1794 1589 1834 13.
1612 1794 1678 1833 14.
1700 1793 1768 1834 15.
1786 1792 1877 1834 Nec
1894 1795 2037 1833 tamen
2055 1792 2193 1833 locum

234 1852 303 1893 hic
334 1851 464 1892 habet
495 1867 620 1894 causa
657 1854 687 1894 81
719 1853 904 1893 effectus.
939 1851 1147 1906 Egressus
1180 1852 1209 1893 81
1233 1855 1350 1893 actus
1370 1852 1670 1893 attributorum
1689 1851 1859 1893 secundi
1882 1851 2048 1906 generis
2072 1853 2194 1906 (puta

236 1911 447 1958 scientiae,
474 1911 717 1962 voluntatis,
741 1910 945 1965 justitiae,
965 1910 1288 1959 misericordiae,
1307 1911 1562 1961 veracitatis,
1586 1910 1816 1964 potentiae)
1836 1910 1944 1951 circa
1966 1912 2193 1958 creaturaS,

236 1970 484 2024 regulantur
515 1970 741 2011 secundum
773 1970 987 2010 modulum
1017 1969 1047 2010 81
1076 1969 1375 2022 perfectionem
1400 1970 1701 2010 attributorum
1719 1969 1843 2023 primi
1862 1968 2053 2023 generis:
2072 1968 2132 2008 ita
2150 1970 2196 2008 ut

237 2028 350 2069 Deus
369 2028 632 2081 simplicitur,
650 2029 991 2082 independenter,
1009 2028 1332 2069 immutabiliter
1349 2028 1565 2083 intelligat
1582 2031 1655 2068 aut
1670 2028 1786 2069 velit.
1805 2027 1895 2068 Nec
1911 2029 2053 2067 tamen
2072 2026 2195 2067 attri-

237 2088 339 2127 buta
376 2087 501 2140 primi
532 2089 561 2129 81
588 2087 755 2128 secundi
774 2087 941 2142 generis
958 2087 1069 2128 inter
1091 2102 1134 2128 30
1157 2087 1356 2128 differunt
1378 2087 1561 2128 realiter.
1581 2086 1635 2128 11.
1654 2086 1864 2127 Instantia
1886 2086 1983 2127 hacc
1998 2088 2198 2142 firmatur

238 2146 420 2201 sequenti
448 2145 621 2200 Except.
646 2161 717 2188 301ι
743 2145 953 2199 Prolepsi:
986 2146 1063 2189 Nec
1080 2147 1322 2200 responderi
1339 2154 1481 2200 potest,
1507 2147 1643 2188 Deum
1660 2160 1744 2186 esse
1760 2145 1976 2198 suiipsius
1994 2145 2197 2199 reqalam.

244 2207 538 2259 Praeterquam
562 2206 672 2246 enim
697 2205 808 2261 quod
837 2205 1006 2260 phrasis
1033 2205 1213 2246 insolens
1236 2206 1312 2246 sit:
1334 2206 1449 2247 Deus
1467 2206 1605 2246 Deam
1622 2206 1794 2258 requlat.
1813 2204 1886 2245 hoc
1901 2204 2063 2252 aceedit,
2087 2203 2199 2258 qaod

239 2264 303 2305 hie
333 2265 516 2319 quaestio
549 2265 611 2314 sit,
640 2278 726 2305 non
757 2277 814 2304 an
835 2264 995 2319 aliquid
1016 2264 1061 2304 in
1088 2265 1174 2305 Deo
1191 2264 1255 2315 sit,
1278 2264 1389 2319 qaod
1409 2265 1546 2305 Deum
1564 2265 1725 2317 10911101,
1745 2263 1815 2304 sed
1831 2277 1888 2303 an
1904 2263 2066 2318 aliquid
2082 2269 2198 2303 extra

246 2324 377 2364 Deam
412 2324 488 2364 tale
516 2323 577 2364 sit.
604 2324 694 2364 Ideo
723 2324 884 2377 frastra
916 2322 1231 2376 respondebitur
1247 2323 1358 2377 qaod
1374 2330 1582 2363 momenta
1603 2321 1643 2363 85
1662 2325 1781 2376 siqua
1800 2322 1974 2363 rationis
1988 2334 2104 2375 posse
2120 2321 2195 2361 ad-

243 2382 348 2422 mitti
380 2382 423 2421 in
458 2382 540 2422 Deo
572 2384 768 2435 requiam
790 2380 830 2422 cst·
851 2383 1098 2435 reqalacam.
1127 2381 1354 2434 Quaeritur
1371 2382 1481 2422 enim
1499 2381 1563 2422 liic
1579 2382 1626 2422 (10
1643 2383 1854 2435 reqzdante
1869 2381 2091 2422 eoetrinseco
2113 2392 2199 2419 non

242 2441 472 2481 intrinseco.
489 2441 647 2490 nemsi
663 2441 833 2488 dicetur,
852 2440 957 2481 illud
973 2440 1249 2481 effltriiisecum
1263 2446 1320 2494 (v.
1337 2454 1399 2494 qr.
1409 2441 1522 2494 just(3
1529 2441 1681 2494 jurare
1701 2439 1796 2488 810.)
1813 2440 1990 2494 pendere
2005 2439 2030 2479 (ὶ
2043 2445 2200 2478 namra

248 2499 334 2547 Dei,
369 2506 454 2539 tum
488 2500 786 2552 rcspomlemus
818 2499 891 2539 hoc
922 2513 1003 2539 0330
1021 2506 1163 2547 totum,
1187 2499 1298 2553 qaod
1314 2506 1503 2553 tremitur,
1527 2499 1707 2554 adeoque
1727 2512 1810 2539 0830
1830 2498 2061 2552 petitionem
2076 2496 2200 2550 prin-

245 2557 353 2611 cipit.
390 2558 503 2610 Besp.
538 2557 570 2598 1.
604 2557 701 2598 Νο11
734 2560 796 2598 est
829 2557 993 2610 phrasis
1020 2559 1107 2598 tam
1129 2557 1329 2598 insolens:
1350 2557 1384 2597 si
1402 2572 1496 2598 cum
1514 2557 1587 2598 illa
1607 2557 1840 2611 complures
1859 2556 1963 2596 alias
1986 2569 2200 2608 compares

248 2616 365 2670 [pag.
386 2615 492 2670 5381]
512 2630 617 2668 quae
635 2616 676 2655 in
696 2616 902 2669 scriptura
919 2618 1155 2666 occurrunt,
1176 2630 1278 2669 quas
1290 2618 1517 2663 θεεπρεπὼς
1532 2616 1793 2670 accipiendas
1805 2614 2010 2655 novimus.
2029 2612 2089 2654 Ut
2106 2627 2201 2654 cum

246 2674 360 2715 Deus
379 2673 529 2713 dicitur
541 2674 718 2725 judicari
737 2676 852 2716 Rom.
875 2676 912 2715 3.
933 2689 1072 2715 secum
1091 2675 1209 2727 quasi
1228 2674 1377 2715 luctari
1396 2675 1424 2715 81
1442 2675 1690 2716 contendere
1713 2675 1858 2715 Hosea.
1884 2673 1952 2713 11.
1970 2671 2202 2712 deliberare

249 2734 277 2774 &
295 2732 509 2772 consulere
524 2733 666 2785 Eplies.
687 2734 725 2773 2.
745 2734 783 2773 2.
806 2734 897 2787 ch.
912 2734 981 2773 22.
1001 2732 1105 2774 Cum
1121 2733 1235 2785 jurat
1254 2747 1327 2786 per
1344 2733 1528 2786 seipsum
1546 2735 1575 2775 81
1592 2749 1665 2787 per
1682 2732 1867 2773 animam
1885 2746 2002 2771 suam
2021 2730 2146 2772 Hebr.
2162 2730 2200 2771 6.

250 2791 321 2831 ubi
355 2790 651 2844 distinguimus
688 2792 828 2844 aliquo
855 2792 977 2832 modo
1002 2791 1191 2846 (minime
1213 2794 1354 2832 tamen
1372 2792 1559 2845 realiter)
1577 2793 1804 2845 jurantem,
1823 2791 1852 2832 81
1875 2805 1969 2830 0010
1987 2803 2061 2843 per
2078 2802 2202 2841 quem

2088 2847 2204 2901 jurat
