2399 3084
475 110 784 154 DOGMA‘rrs
817 108 1568 154 111188.Τ111Ν11·ΑΤΕ.ΡΛ113
1602 125 1836 153 ALTERA.
2037 112 2114 153 111

180 235 228 276 de
245 234 630 289 praedestinatione
652 235 906 288 probabunt.
929 234 1041 275 Nam
1059 234 1085 275 J
1089 235 1248 276 esuitae
1265 235 1337 288 qui
1358 235 1553 288 proprius
1571 234 1622 274 ad
1644 235 1738 275 illos
1756 234 1969 286 accedunt,
1988 235 2122 277 multo

179 293 450 335 verecundius
483 297 645 334 errant:
680 293 946 335 Dominicani
978 308 1088 343 vero,
1108 293 1263 346 aliique
1281 293 1454 347 genuini
1472 295 1697 334 sectatores
1716 292 1904 333 Thomae
1922 293 2123 342 δικρρήόην

179 351 492 406 Pelagianismo
524 352 591 393 hic
625 353 912 393 adversantur.
940 352 1005 392 Ex
1023 351 1275 392 Lutheranis
1294 351 1528 392 Tarnovius
1545 351 1778 392 Miscellan.
1799 366 1903 393 sacr.
1922 351 1994 392 lib.
2015 352 2052 392 2.
2079 366 2117 405 p.

181 411 277 452 710.
323 411 538 458 Vomlimzi,
559 411 801 452 Arminium
821 409 862 452 ἃ·
877 411 1029 452 similes
1046 411 1092 451 in
1121 410 1269 465 Belyio,
1293 411 1462 465 qncmclo
1484 411 1604 464 ajunt
1625 410 1706 466 fide
1722 424 1797 451 nos
1813 410 2118 465 praedestina-ri

179 470 377 511 advitam
398 477 622 520 aeternam,
642 470 749 510 idem
767 470 922 519 dicunt,
940 483 1025 510 non
1046 469 1152 510 idem
1169 468 1381 510 vobisc-mn
1398 470 1595 510 sentiunt.
1616 469 1734 509 Circa
1752 469 1946 521 quintum
1965 469 2119 510 articu-

179 528 281 578 lum,
311 528 360 569 de
378 528 627 569 certitudine
646 528 794 569 salutis
813 528 963 569 melius
986 527 1173 568 sentiunt
1192 527 1423 568 Lutherani
1457 529 1486 570 &
1505 527 1696 568 nonnulli
1714 542 1763 568 ex
1784 526 2014 568 Pontificiis
2041 526 2119 570 Ca-

181 587 387 637 {lam-mm,
419 587 694 641 lseofzqrina'us,
735 586 1012 641 Ulcnbmyins
1033 585 1105 627 ere.
1125 585 1202 627 ΙΠ,
1221 585 1396 627 Errores
1415 587 1463 627 de
1484 588 1655 640 peccato
1673 586 1871 640 originali
1888 586 1937 626 de
1955 586 2049 637 fide,
2073 587 2122 626 de

182 645 291 711 legis
327 646 356 687 81
390 646 614 700 evangelii,
648 647 677 688 &
695 645 913 699 utriusque
931 645 1110 686 foederis
1128 644 1379 694 discrimine,
1399 645 1447 685 de
1466 644 1782 699 justificatione,
1801 645 1850 685 de
1867 644 2123 710 perfectione

179 704 223 744 in
240 704 319 745 hac
336 704 437 755 vita,
457 704 505 744 de
522 704 825 745 resurrectione
843 706 1116 744 mortuorum.
1150 702 1226 744 IV.
1245 702 1399 754 Dubia,
1418 703 1718 757 scepticismus,
1737 703 1998 756 corruptelae
2016 703 2124 744 circa

180 762 320 804 onmia
348 762 435 803 fere
453 762 705 804 reformatae
723 762 982 817 Theologiae
1001 762 1163 827 capi-tm
1184 776 1290 815 quae
1313 762 1522 803 catechesi
1538 762 1705 815 publice
1722 762 2004 815 privatimque
2021 776 2121 816 pro—

180 822 279 875 poni
312 822 469 862 solent.
509 820 723 886 Quomodo
756 835 855 874 ergo
889 820 1224 862 communionem
1257 820 1300 860 in
1330 835 1412 861 una
1429 823 1601 861 externa
1620 820 1794 862 ecclesia
1811 821 1841 862 81
1863 820 2122 874 professione

181 880 318 921 colent
351 879 583 930 nobiscum,
618 879 689 933 qui
718 880 893 920 eandem
915 879 1150 920 catechesin
1171 879 1200 920 ἃ
1218 877 1520 920 confessionem
1540 879 1757 920 nobiscum
1774 893 1856 919 non
1876 879 2034 920 habent
2052 880 2123 920 sed

181 949 300 980 suam
318 937 554 992 propriam;
573 913 759 978 iiostram
777 940 917 978 autem
937 938 1169 978 virulenter
1185 937 1458 979 insectantur.
1486 937 1582 979 Nisi
1601 938 1732 979 velint
1754 938 1806 978 ab
1825 937 2008 979 ecclesiis
2026 937 2123 978 Bel-

181 997 285 1052 gicis
305 996 541 1038 catechesin
561 1011 610 1037 ex
629 996 782 1037 scholis
801 997 830 1038 81
848 996 1031 1037 000103113
1049 995 1267 1049 proscribi,
1286 995 1588 1037 confessionem
1606 1011 1698 1037 cum
1711 996 1932 1037 harmonia
1945 996 2124 1037 aliarum

181 1055 492 1097 confessionum
513 1055 689 1108 ejurari:
710 1057 782 1096 aut
799 1055 938 1108 potius
957 1069 1006 1094 ex
1025 1054 1232 1095 catechesi
1246 1053 1487 1096 Racoviana
1505 1056 1535 1096 &
1552 1058 1706 1105 nostra,
1725 1055 1827 1096 item
1844 1058 1988 1096 nostra
2007 1055 2123 1096 aliis-

182 1129 262 1169 que
279 1113 611 1156 confessionibus
629 1115 658 1156 &
676 1112 901 1154 Remonsti
905 1112 1043 1154 antica
1061 1127 1155 1153 cum
1178 1111 1389 1167 Apologia
1406 1128 1535 1154 unum
1555 1113 1679 1154 chaos
1697 1113 1800 1154 fieri.
1825 1113 1877 1154 V.
1903 1113 2122 1155 Photinia—

181 1173 307 1214 nismi
337 1188 413 1227 per
447 1171 646 1213 Socinum
677 1172 867 1213 renovati
890 1173 919 1214 81
935 1171 1015 1212 ab
1006 1172 1109 1224 lpsis
1126 1171 1347 1212 incrustati
1371 1172 1526 1225 partim
1544 1172 1794 1241 gravissima
1812 1172 2006 1226 suspicio,
2023 1187 2123 1226 par-

181 1232 259 1273 tim
294 1232 552 1272 luculentum
584 1230 785 1272 indicium
812 1231 901 1284 J'am
935 1244 1058 1283 saepe
1076 1229 1248 1278 factum,
1272 1230 1554 1271 nominatim
1541 1246 1565 1271 a
1582 1230 1641 1272 Cl.
1661 1230 1713 1272 D.
1743 1231 1896 1272 Vedelio
1915 1231 2018 1272 libro
2033 1245 2121 1273 sae-

182 1291 275 1345 pius
298 1290 480 1333 laudato,
514 1288 604 1338 Quo
623 1289 746 1330 fieret
763 1292 810 1330 ut
827 1289 926 1330 unio
943 1289 1018 1329 illa
1035 1303 1129 1329 cuni
1146 1264 1544 1330 Renionstrantibus
1563 1289 1772 1343 separatio
1792 1292 1900 1330 esset
1917 1289 1969 1330 ab
1987 1290 2123 1331 omni-

184 1350 259 1391 bus
284 1349 468 1390 ecclesiis
485 1348 739 1399 reformatis,
757 1348 887 1388 immo
903 1347 1117 1388 exclusio
1105 1362 1129 1388 a
1145 1347 1333 1402 generali
1360 1346 1695 1399 christianismo,
1713 1350 1742 1391 &
1759 1348 1926 1389 1101111110
1945 1347 2123 1389 (11111311κ

182 1423 371 1449 anorum.
391 1407 520 1448 Porro
545 1405 772 1448 Remonstr
775 1409 893 1447 antes
913 1406 966 1446 ab
984 1406 1086 1447 haer
1090 1406 1230 1463 esibus
1249 1404 1483 1447 Socinianis
1502 1421 1545 1448 se
1562 1421 1643 1447 non
1661 1421 1868 1461 puigar3e
1886 1422 1938 1448 110
1956 1407 2123 1461 quidem

180 1468 224 1508 in
256 1466 439 1522 gratiam
456 1466 586 1507 totius
604 1465 915 1506 Christianismi
931 1465 1010 1506 hoc
1032 1464 1186 1515 conari,
1206 1465 1271 1505 vel
1293 1479 1343 1505 ex
1360 1479 1408 1506 eo
1426 1468 1615 1506 constare
1633 1469 1784 1530 potest,
1803 1466 1913 1519 quod
1929 1465 2123 1506 manibus

181 1526 267 1567 suis
303 1524 485 1579 simplici
515 1523 731 1578 rejectioni
765 1523 1032 1578 sequentium
1065 1523 1339 1564 articulorum
1358 1522 1494 1565 Socin.
1515 1524 1657 1565 ausuri
1673 1539 1755 1565 non
1773 1524 1858 1565 sint
1875 1524 2123 1579 subsignare

182 1587 307 1638 atque
339 1598 423 1624 una
455 1585 596 1624 sancte
618 1582 879 1637 promittere,
898 1597 940 1623 se
957 1582 1052 1622 illos
1070 1584 1143 1622 aut
1160 1582 1268 1622 ullos
1287 1596 1430 1623 eorum
1448 1597 1530 1624 non
1551 1583 1746 1624 docturos
1765 1586 1838 1624 aut
1854 1586 2120 1637 promoturos

182 1643 268 1684 sive
301 1643 455 1683 directe
493 1642 580 1682 sive
612 1641 827 1682 indirecte.
861 1640 970 1681 Sunt
1008 1643 1149 1681 autem
1182 1641 1299 1696 [pag.
1334 1640 1441 1695 515]
1461 1641 1627 1682 articuli
1644 1641 1728 1692 isti,
1752 1656 1856 1696 quos
1873 1641 2120 1682 universalis

182 1700 543 1750 Christianismus,
562 1713 788 1753 omnesque
806 1700 894 1753 ejus
917 1698 1173 1753 professores
1192 1701 1221 1741 81
1238 1698 1441 1740 Doctores
1460 1700 1710 1753 simpliciter
1726 1699 1933 1754 rejiciunt.
1976 1701 2012 1740 1.
2040 1699 2122 1740 Pa-

182 1763 290 1801 trem
322 1758 605 1801 essentialiter
621 1759 651 1800 81
675 1757 840 1812 proprie
860 1772 947 1798 esse
966 1758 1115 1808 30111111,
1134 1760 1366 1808 aeternum,
1386 1759 1415 1799 81
1432 1772 1675 1812 supremum
1698 1758 1849 1809 Deum,
1867 1758 2072 1812 peculiari
2090 1758 2119 1799 &

181 1817 468 1860 excellentiori
500 1816 756 1867 adoratione,
789 1816 947 1856 honore
980 1817 1009 1858 ἃ
1026 1816 1142 1856 cultu
1163 1815 1455 1857 honorandum
1477 1831 1525 1857 ac
1547 1817 1778 1858 colendum.
1804 1818 1842 1857 2.
1866 1816 2023 1857 Filium
2039 1830 2122 1857 11011

183 1891 271 1919 0330
304 1876 427 1918 11111113
459 1877 489 1917 81
521 1875 705 1929 ejusdem
738 1874 942 1915 essentiae
982 1888 1076 1915 cum
1098 1876 1233 1928 patre,
1253 1875 1282 1916 &
1299 1889 1374 1928 per
1391 1888 1647 1928 consequens
1670 1890 1751 1916 non
1771 1890 1859 1916 esse
1883 1875 2067 1929 ejusdem
2089 1877 2119 1917 81

182 1949 402 1990 supremae
433 1933 679 1988 majestatis,
716 1933 788 1986 qui
815 1933 959 1973 eodem
976 1934 1005 1975 &
1023 1946 1154 1986 aeque
1173 1933 1394 1973 excellenti
1412 1933 1610 1988 religioso
1629 1934 1744 1975 cultu
1763 1934 1842 1974 coli
1860 1934 2031 1974 debeat:
2051 1934 2122 1974 sed

183 2009 272 2036 esse
296 2008 440 2036 verum
464 1992 601 2033 Deum
619 1992 702 2032 alio
719 1991 842 2032 modo
861 1992 890 2033 81
908 1991 992 2032 3113
1009 1991 1170 2032 ratione
1189 2005 1235 2031 ac
1251 1993 1384 2044 pater,
1404 1992 1433 2032 &
1450 2006 1524 2045 per
1541 2006 1796 2045 consequens
1815 1991 1898 2033 alio
1919 1992 2122 2046 peculiari

183 2067 230 2094 ac
247 2053 442 2093 distincto
460 2051 576 2093 cultu
594 2052 624 2093 81
641 2050 882 2091 adoratione
900 2050 1132 2091 colendum.
1152 2050 1191 2090 3.
1210 2049 1426 2090 Christum
1442 2050 1535 2091 ideo
1553 2065 1634 2091 non
1653 2051 1747 2101 dici,
1770 2053 1843 2091 aut
1861 2051 2012 2091 saltem
2028 2050 2121 2091 ideo

181 2114 362 2162 tantum,
396 2113 469 2151 aut
499 2109 592 2151 ideo
623 2109 915 2163 principaliter
942 2123 1024 2149 non
1052 2109 1133 2149 dici
1159 2107 1294 2148 filium
1329 2107 1407 2149 Dei
1439 2108 1719 2163 unigenitum,
1754 2109 1864 2163 quod
1890 2111 1915 2150 a
1932 2111 2050 2163 patre
2068 2109 2120 2149 ab

184 2173 353 2211 aeterno
396 2169 440 2209 in
476 2183 560 2209 una
592 2168 822 2221 eademque
854 2167 1036 2207 essentia
1068 2167 1223 2217 divina,
1246 2181 1322 2220 per
1338 2167 1576 2208 naturalem
1593 2168 1623 2209 81
1640 2168 1917 2208 necessariam
1936 2168 2121 2221 ejusdem

184 2228 388 2269 essentiae
419 2226 840 2268 communicationem
857 2226 1026 2280 genitus
1044 2225 1110 2266 sit.
1131 2225 1169 2265 4.
1190 2224 1397 2279 Spiritum
1413 2228 1605 2266 sanctum
1621 2241 1704 2266 non
1724 2240 1813 2267 esse
1831 2226 2073 2279 coequalem
2091 2227 2121 2267 81

183 2286 522 2328 coesssentialem
555 2287 772 2326 aeternum
804 2284 954 2335 Deum,
973 2299 1068 2324 011111
1085 2287 1205 2337 patre
1222 2285 1252 2326 81
1269 2284 1378 2333 filio;
1402 2284 1432 2325 &
1453 2298 1528 2338 per
1546 2298 1803 2338 consequens
1820 2299 1906 2325 non
1922 2299 2012 2325 0330
2031 2287 2118 2325 ter-

181 2345 287 2386 tiam
309 2358 526 2399 personam
547 2343 732 2384 divinam
754 2343 1010 2395 eandemque
1029 2357 1123 2383 cum
1140 2345 1262 2396 patre
1280 2344 1309 2384 81
1325 2342 1412 2383 filio
1430 2357 1670 2396 supremam
1687 2343 1965 2397 majestatem,
1984 2357 2066 2383 uno
2088 2345 2118 2385 81

183 2417 376 2458 supremo
398 2403 528 2452 cultu,
547 2402 626 2442 hoc
643 2404 718 2452 est,
736 2401 876 2441 divino
894 2415 988 2441 cum
1007 2404 1185 2455 utroque
1202 2401 1432 2452 colendam,
1451 2401 1522 2441 sed
1540 2415 1627 2442 esse
1645 2403 1810 2442 tantum
1829 2402 2030 2442 virtutem
2047 2400 2121 2442 seu

183 2462 419 2516 potentiam
436 2460 530 2511 Dei,
549 2460 615 2500 0111
631 2474 706 2500 1100
723 2459 863 2500 divina
880 2460 1076 2510 essentia,
1095 2474 1170 2501 nec
1188 2459 1330 2500 divina
1346 2473 1536 2513 persona,
1556 2462 1857 2513 consequenter
1868 2473 1944 2500 nec
1956 2459 2120 2500 divinus

183 2521 320 2561 cultus
353 2493 530 2561 attribui
560 2518 753 2572 possit?
746 2517 935 2558 1.]3011111
951 2532 1034 2558 11011
1057 2533 1147 2559 0330
1165 2518 1278 2559 0111111
1295 2518 1416 2558 1110ᾶο
1435 2520 1508 2558 aut
1524 2517 1772 2571 simpliciter
1788 2518 2118 2559 immutabilem·
2110 2550 2118 2566 ‚

184 2593 259 2620 nec
290 2582 402 2620 certo
433 2577 640 2632 praescire
671 2576 816 2616 futura
847 2577 1148 2630 contingentia,
1168 2590 1276 2630 quae
1294 2592 1318 2617 a
1335 2576 1468 2617 libera
1486 2575 1704 2617 hominum
1720 2577 1938 2617 voluntate
1955 2576 2115 2630 profec-

183 2641 280 2678 tura
316 2640 426 2678 sunt.
465 2638 503 2676 6.
539 2634 675 2675 Deum
693 2634 874 2675 essentia
891 2649 966 2675 sua
982 2649 1066 2675 non
1084 2649 1172 2676 esse
1189 2635 1436 2687 simplicem,
1459 2634 1835 2693 1111111011311111,31110
1852 2635 2072 2676 finitudine
2090 2636 2119 2677 &

185 2695 466 2748 quantitativa
499 2692 753 2742 extensione,
786 2706 861 2732 nec
878 2692 1272 2758 omnipraesentem.
1296 2693 1332 2733 7.
1353 2692 1450 2733 Non
1468 2706 1558 2733 esse
1574 2696 1793 2746 peccatum
1815 2693 2035 2748 originale,
2058 2693 2119 2734 ita

185 2756 232 2794 ut
268 2768 411 2795 omnes
441 2752 635 2794 homines
668 2750 803 2791 reatui
836 2750 961 2804 primi
987 2751 1148 2804 peccati
1167 2750 1319 2792 Adami
1337 2750 1507 2791 obnoxii
1524 2751 1622 2802 sint,
1640 2765 1715 2792 nec
1732 2752 1776 2792 in
1795 2766 1842 2793 ac
1859 2766 1953 2792 cum
1971 2752 2120 2792 inhae-

185 2815 303 2853 rente
338 2811 498 2866 peccati
530 2808 795 2862 corruptione
827 2809 1116 2862 concipiantur
1145 2823 1192 2850 ac
1209 2812 1448 2859 nascantur,
1466 2809 1576 2861 quod
1593 2823 1732 2850 coram
1750 2810 1839 2851 Deo
1857 2810 2118 2851 damnabiles

2049 2882 2120 2909 eos
