2399 3084
546 98 1701 142 13181).111.Ῑ)Ε.1111111ΕΤ.1118’1“1·111ΛῙ)111.
2043 98 2097 138 553

149 225 194 262 τὲ
224 225 447 279 (lepemlere
484 226 512 266 ἃ
541 221 585 261 τὲ
614 224 735 278 pricos
758 226 986 271 θεοπρεπῶς
1007 222 1249 275 accipiatur,
1284 221 1326 261 in
1364 221 1484 275 signo
1521 221 1680 262 scilicet
1716 220 1905 271 rationis,
1943 220 2099 273 absque

150 283 448 337 cmnpositione
467 283 507 322 in
526 281 629 333 Deo,
654 285 726 323 aut
744 282 1010 323 distinctione
1028 281 1145 321 reali.
1179 280 1247 321 Sic
1265 280 1440 321 scientia
1458 280 1677 321 indefinita
1696 279 1975 333 possibilium,
1996 279 2098 319 item

150 342 266 382 ideae
298 341 461 381 divinae
485 343 608 395 (qnae
642 356 720 381 non
746 343 842 381 sunt
875 341 925 381 ad
948 341 1071 390 intra,
1092 354 1166 380 nec
1183 339 1463 379 terminantur
1482 339 1521 379 in
1547 338 1648 389 Deo,
1669 339 1739 379 sed
1757 338 1899 379 dicunt
1922 352 2091 391 respec—

150 403 240 441 tnnl
259 401 309 441 ad
327 400 439 440 alind
459 399 557 452 qnid
581 402 698 439 extra
718 399 869 445 Donni)
888 401 985 439 sunt
1007 398 1300 439 antecedenter
1322 400 1418 438 ante
1448 398 1705 438 voluntatem
1726 399 1754 439 81
1773 397 1984 437 decretum
2004 395 2096 437 Dei.

151 459 258 506 Quin
278 459 360 499 imo
379 458 518 498 omnia
537 458 740 498 attributa
759 458 882 511 primi
900 457 1080 511 generis,
1100 459 1145 497 ut
1174 458 1202 498 81
1235 456 1474 497 intellectus
1498 456 1655 496 habent
1673 471 1715 496 se
1738 455 2030 496 antecedenter
2048 455 2099 495 ad

150 517 230 557 Dei
263 517 536 557 voluntatem.
571 515 737 556 Sufficit
774 531 873 569 ergo
907 516 1056 557 evitari
1087 515 1166 555 hoc
1204 515 1444 561 absurdum,
1479 529 1559 567 qno
1592 516 1847 555 statueretur
1869 514 2099 567 dependere

150 575 286 616 Deum
320 576 371 616 ab
403 575 543 628 aliquo
575 578 693 616 extra
711 590 767 624 se,
787 578 859 615 aut
876 574 1049 628 proponi
1069 589 1115 614 ac
1132 573 1309 614 revelari
1327 573 1447 614 nobis
1466 575 1489 613 a
1506 572 1595 614 Deo
1614 573 1781 625 aliquod
1800 573 1954 613 bonum
1973 572 2096 612 inde-

151 634 378 687 pendenter
401 635 424 674 a
446 634 661 674 voluntate
684 633 783 674 Dei:
804 633 1131 687 imlependenter
1150 632 1239 673 dico
1262 632 1371 685 quod
1394 632 1445 672 ad
1468 631 1766 672 revelationem
1785 632 1813 672 81
1837 631 2094 671 mandatnm.

151 692 261 733 Nam
294 695 430 745 potest
453 708 541 733 esse
575 692 778 745 quaedam
807 692 914 732 ratio
934 691 1030 731 boni
1049 692 1077 732 ἃ
1095 690 1198 731 recti
1214 691 1257 730 in
1274 690 1416 731 ordine
1435 690 1485 730 ad
1503 690 1729 739 hominem,
1749 704 1855 743 quae
1880 689 2098 737 antecedat

153 751 410 792 voluntatem
427 750 506 791 Dei
522 751 564 790 in
582 750 703 804 signo
720 750 907 791 rationis.
941 749 1013 790 XI.
1033 749 1132 804 Ary.
1166 748 1210 789 Si
1228 748 1341 789 Deus
1359 751 1497 803 potest
1515 748 1757 802 permittere
1773 746 2095 801 blasphemiam,

150 809 290 849 odium
323 809 386 849 sni
420 811 484 851 810.
519 823 618 863 ergo
655 811 792 862 potest
826 808 1078 862 praecipere.
1114 809 1232 862 Hesp.
1274 808 1369 862 Ney.
1399 821 1661 863 consequens.
1696 806 1792 847 Pari
1825 806 1987 846 ratione
2005 806 2098 860 quis

150 868 324 908 inferat:
360 866 403 908 Si
426 867 540 908 Deus
574 870 710 920 potest
747 866 906 915 ὄνεμῖκν
938 882 1020 920 qua
1037 867 1165 907 taleni
1184 881 1256 907 8011
1273 868 1489 919 peccatum
1508 866 1698 919 quodque
1721 865 1979 919 permittere,
1999 879 2098 920 ergo

149 927 178 967 81
212 926 362 967 facere.
396 925 508 966 Nam
540 924 585 962 τὲ
616 925 854 978 praecipere
888 925 987 966 dicit
1027 927 1236 979 agentem,
1270 925 1490 975 actionem,
1529 926 1558 966 81
1591 923 1861 965 efficientiam
1880 923 2096 964 moralem.

149 984 295 1025 Posset
312 999 412 1039 ergo
431 999 518 1025 esse
537 986 657 1025 antor
676 984 847 1037 peccati.
882 983 1070 1038 Urgetur
1088 998 1209 1036 porro
1228 983 1306 1023 hoc
1324 998 1411 1037 ary.
1428 998 1436 1024 :
1457 983 1565 1037 quod
1584 983 1716 1023 multo
1734 983 1872 1023 minus
1891 984 2099 1037 repugnet

148 1043 237 1084 Deo
255 1043 498 1083 mandatum
516 1042 818 1096 blasphemiae,
837 1057 962 1095 quani
987 1041 1226 1095 permissio;
1251 1042 1348 1095 quia
1366 1044 1635 1095 praeceptum
1655 1043 1718 1082 est
1746 1043 1965 1082 externum
1985 1040 2098 1094 quid,

148 1102 340 1142 voluntas
373 1101 619 1155 permissiva
653 1103 712 1142 est
746 1101 958 1141 internum
991 1101 1020 1142 81
1056 1100 1277 1141 essentiale
1306 1100 1383 1141 Dei
1403 1100 1668 1141 attributum.
1703 1101 1820 1154 Resp.
1843 1099 1879 1140 1.
1899 1098 1979 1140 Sed
1996 1099 2100 1140 haec

148 1163 221 1200 ant
253 1160 326 1201 illa
349 1160 524 1201 actualis
557 1160 788 1213 permissiO,
819 1161 847 1202 81
866 1159 1108 1200 terminatio
1126 1159 1355 1199 voluntatis
1373 1159 1643 1213 permissivae
1661 1173 1743 1199 non
1767 1161 1829 1199 est
1846 1157 1935 1199 Deo
1953 1158 2098 1198 intrin-

148 1234 240 1259 seca
273 1220 301 1260 ὣ
340 1219 574 1260 essentialis
596 1218 744 1273 magis,
765 1234 890 1271 qnam
907 1218 1153 1259 mandatum
1174 1217 1264 1258 Dei.
1300 1225 1446 1271 Aeque
1465 1217 1575 1258 enim
1599 1217 1730 1258 libere
1749 1217 1907 1270 aliquid
1924 1216 2096 1270 permit-

147 1277 200 1317 tit
234 1293 281 1318 ac
319 1278 502 1318 mandat.
538 1279 576 1317 2.
606 1277 754 1318 Posset
786 1277 879 1330 quis
909 1277 1054 1317 eodem
1088 1277 1209 1317 modo
1247 1276 1549 1331 argumentari,
1572 1276 1708 1317 facere
1727 1278 1943 1330 peccatum
1961 1275 2098 1316 minus

147 1339 356 1391 repugnat
389 1336 492 1387 Deo,
526 1351 650 1389 quam
687 1336 879 1376 voluntas
909 1335 1155 1389 permissiva
1188 1335 1369 1389 peccati:
1404 1335 1502 1388 quia
1535 1335 1639 1375 illud
1668 1337 1730 1375 est
1749 1337 1966 1375 externum
1985 1334 2098 1387 quid,

147 1394 225 1435 hoc
258 1410 354 1435 vero
392 1395 616 1435 essentiale
638 1394 719 1435 Dei
737 1394 1003 1435 attributum.
1037 1393 1124 1435 Ubi
1140 1394 1249 1435 hanc
1262 1393 1604 1447 consequentiam
1622 1393 1858 1433 dissolverit
1871 1407 2097 1446 opponens,

147 1453 304 1494 videbit
337 1455 365 1495 81
398 1468 515 1494 snam
546 1454 690 1494 eadem
712 1468 838 1506 opera
857 1453 1051 1494 solutam.
1070 1451 1165 1493 XII.
1186 1453 1283 1507 Ary.
1308 1452 1434 1507 Lege,
1460 1453 1629 1506 ejusque
1647 1451 1985 1506 promulgatione
2004 1452 2098 1492 snb-

146 1512 232 1552 lata
264 1512 427 1552 nullum
459 1514 597 1565 potest
619 1527 708 1552 esse
737 1512 958 1552 discrimen
991 1511 1096 1565 justi
1129 1512 1158 1552 81
1175 1511 1344 1565 injusti:
1364 1511 1478 1565 Ergo
1499 1510 1760 1564 blasphemia
1777 1525 1858 1551 non
1878 1513 1941 1551 est
1958 1525 2098 1564 pecca-

145 1572 249 1621 tum,
278 1571 359 1611 nisi
392 1586 440 1611 ex
464 1570 689 1625 hypothesi
718 1570 824 1625 legis
843 1570 1119 1624 prohibentis.
1156 1571 1272 1624 Hesp.
1306 1569 1544 1611 Discrimen
1561 1569 1726 1610 nullum
1747 1571 1810 1610 est
1831 1568 1930 1609 boni
1950 1570 2097 1611 &mali

146 1629 254 1682 apud
288 1629 500 1670 hominem
534 1644 606 1669 sen
628 1630 737 1681 quod
766 1629 817 1669 ad
839 1629 1122 1684 cognitionem
1139 1629 1335 1679 hominis,
1360 1629 1425 1669 0111
1444 1629 1511 1669 lex
1529 1629 1615 1669 lata
1633 1628 1819 1669 revelata
1836 1642 1918 1668 non
1937 1628 2014 1668 sit:
2035 1631 2098 1669 est

144 1690 286 1728 tamen
305 1688 413 1741 apud
431 1688 582 1728 Deum.
616 1687 701 1729 Ubi
716 1688 833 1728 nulla
856 1690 918 1728 est
936 1690 1049 1728 recta
1075 1687 1183 1728 ratio
1201 1687 1244 1728 in
1261 1687 1445 1738 homine,
1479 1687 1607 1728 immo
1631 1687 1702 1727 ubi
1721 1686 1860 1727 nullus
1877 1686 2018 1738 homo,
2037 1686 2097 1727 ibi

144 1747 306 1786 nullum
325 1746 561 1797 discrimen,
583 1746 677 1786 boni
696 1749 768 1786 aut
786 1746 900 1797 mali,
919 1746 1049 1787 11111110
1066 1761 1141 1787 1100
1162 1746 1250 1787 veri
1273 1746 1302 1788 81
1320 1745 1432 1787 falsi.
1466 1745 1546 1787 Sed
1563 1746 1661 1786 inde
1679 1760 1761 1786 non
1780 1745 1969 1798 sequitur
1987 1746 2096 1799 apud

145 1803 281 1845 Deum
298 1820 379 1845 non
399 1820 510 1854 esse;
534 1805 605 1858 qui
624 1807 685 1845 est
702 1804 838 1858 prima
855 1807 968 1846 recta
986 1804 1106 1855 ratio,
1125 1805 1261 1858 prima
1280 1806 1308 1847 81
1327 1820 1521 1858 suprema
1540 1804 1695 1845 veritas
1712 1804 1741 1845 81
1764 1804 1939 1844 bonitas.
1959 1803 2094 1845 Immo

143 1863 282 1916 potius
320 1863 510 1916 seqnitur
542 1878 686 1904 verum
712 1863 741 1904 81
759 1863 916 1904 bonum
939 1878 1164 1916 eorumque
1188 1863 1410 1904 discrimen
1434 1865 1457 1903 a
1474 1863 1581 1904 falso
1605 1865 1634 1905 81
1655 1863 1779 1912 malo,
1797 1877 1964 1903 omnem
1982 1878 2095 1904 reve-

144 1922 345 1963 lationem
375 1923 404 1964 81
436 1922 573 1977 legem
607 1921 751 1962 ordine
774 1924 949 1962 naturae
982 1922 1242 1975 praecedere,
1261 1924 1467 1975 quatenus
1486 1922 1573 1962 scil.
1593 1923 1691 1962 surt
1712 1921 1922 1975 objectum
1942 1921 2048 1976 legis
2067 1922 2096 1963 81

144 1980 412 2021 revelationis
431 1984 449 2021 ..0
476 1996 557 2022 non
597 1995 695 2021 vero
727 1995 801 2034 per
829 1995 877 2020 ea
909 1980 1075 2021 demum
1105 1980 1315 2021 constitui.
1351 1979 1479 2028 Quasi
1496 1981 1589 2033 quis
1613 1980 1737 2030 dicat,
1759 1979 1824 2020 bis
1849 1980 1967 2035 [pag.
1987 1980 2094 2036 377]

144 2040 224 2079 duo
252 2054 340 2080 esse
372 2042 564 2092 quatuor,
598 2041 733 2079 totum
768 2054 856 2080 esse
889 2039 1023 2093 majus
1052 2041 1126 2079 sua
1157 2042 1290 2093 parte,
1310 2038 1431 2079 Nihil
1452 2039 1576 2079 simul
1595 2053 1714 2093 posse
1734 2053 1821 2079 esse
1841 2040 1869 2080 81
1891 2053 1972 2078 11011
1991 2053 2094 2090 0880,

143 2097 299 2138 bonum
317 2113 399 2139 non
419 2113 508 2139 esse
525 2098 698 2147 malum,
716 2097 855 2138 Deum
872 2112 961 2138 esse
978 2097 1282 2149 honorandum,
1301 2098 1468 2151 aliaque
1493 2097 1703 2138 axiomata
1726 2099 1920 2138 aeternae
1939 2097 2094 2138 verita-

144 2156 198 2196 tis
228 2159 314 2196 tam
333 2157 516 2210 practica
539 2171 663 2210 qnam
682 2156 934 2211 dogmatica,
954 2171 1041 2197 esse
1060 2156 1342 2197 indifferentia
1359 2157 1408 2197 ad
1428 2156 1648 2197 veritatem
1667 2157 1695 2198 81
1713 2155 1943 2196 falsitatem
1964 2171 2093 2210 usque

145 2215 195 2254 ad
209 2215 505 2256 revelationem
524 2216 623 2256 huic
642 2217 714 2255 aut
731 2215 795 2255 illi
812 2215 974 2256 homini
992 2214 1162 2255 factam.
1191 2215 1424 2270 Analogice
1443 2215 1524 2256 hnc
1543 2214 1744 2268 applicari
1766 2217 1903 2267 potest
1921 2214 2093 2255 distinc-

144 2272 200 2313 tio
220 2274 269 2314 de
287 2273 524 2314 futurorum
542 2273 875 2327 contingentium
896 2273 1173 2314 determinata
1191 2274 1382 2315 veritate.
1417 2273 1479 2315 De
1499 2288 1580 2327 qua
1598 2274 1638 2314 in
1653 2273 1937 2314 dissertatione
1954 2276 2093 2314 nostra

144 2331 193 2372 de
222 2333 413 2373 Termino
445 2333 561 2374 vt'tcoe.
596 2332 736 2385 Atque
769 2332 872 2373 haec
901 2332 1066 2385 quiden]
1096 2335 1359 2387 argumenta,
1379 2347 1484 2386 quae
1503 2347 1577 2386 pro
1596 2333 1766 2373 adversa
1785 2332 1993 2372 sententia
2011 2332 2090 2372 ad—

144 2389 245 2430 ferri
258 2391 407 2431 solent.
441 2391 722 2445 Exceptiones
742 2391 793 2432 ad
812 2394 955 2431 nostra
977 2394 1227 2446 argumenta
1244 2391 1438 2445 sequenti
1451 2394 1570 2445 parte
1588 2390 1934 2445 perstringemus.

624 2512 1175 2560 OOROLLARIA
1225 2513 1604 2562 AFFINIA.

203 2628 246 2672 1.
272 2630 420 2683 Anjns
437 2630 597 2684 forense
614 2631 838 2672 mosaicam
857 2631 1093 2675 immediate
1113 2631 1304 2674 divinum
1322 2632 1361 2673 a·
1382 2633 1407 2672 (1
1429 2633 1514 2674 Deo
1537 2631 1748 2682 traditum,
1771 2646 1818 2673 ac
1830 2632 2007 2686 proinde
2024 2646 2092 2672 sa-

139 2688 392 2742 pienti-ssime
409 2690 672 2731 constitutum
694 2690 842 2731 111ιίίὶὺὶ
863 2691 1207 2744 repuyncmsjmi
1223 2691 1422 2741 naturali,
1441 2698 1512 2732 (1111
1530 2691 1670 2731 diemo
1691 2691 1840 2732 morali
1861 2705 1932 2733 sen
1945 2704 2090 2746 perpe-

142 2754 236 2795 ίιιο,·
255 2747 298 2787 in
315 2747 507 2789 omnibns
525 2747 834 2802 Rebuspnblict's
855 2749 1100 2790 Christianis
1120 2749 1277 2801 habeat,
1296 2757 1367 2791 (1111
1385 2750 1528 2790 sallem
1545 2749 1691 2790 habere
1707 2749 1842 2791 debeat
1861 2750 1941 2791 vim
1963 2750 2058 2804 leqis
2071 2749 2091 2790 ἵ)

141 2804 267 2859 Resp.
286 2803 398 2860 Neg.
421 2805 469 2847 de
490 2807 702 2849 communi
725 2807 1003 2862 tlzeoloqorum
1020 2821 1235 2850 consensa.

1954 2868 1991 2907 2.
2025 2867 2091 2908 An
