2399 3084
282 110 591 154 .D1sp.·VII.
623 109 1062 153 PRoBLEMATUM
1094 122 1156 148 DE
1189 105 1422 147 Mmmo
1457 104 1711 147 CHRISTI
1745 102 1876 146 Pras
1909 101 1984 144 IV.
2034 103 2115 143 207

179 237 290 286 dum,
323 236 352 277 &
383 234 478 275 illos
516 233 700 274 vicissim
734 232 846 274 dedit
878 230 1099 272 mediatori
1127 229 1360 279 salvandos,
1389 241 1615 280 eorumque
1647 228 1818 280 peccata
1834 224 2055 266 transtulit
2076 225 2119 266 in

179 307 446 348 sponsorem3
495 292 611 333 Haec
648 291 759 332 enim
792 290 931 331 omnia
959 289 1102 330 ordine
1119 290 1294 329 naturae
1312 286 1566 340 praecedunt
1583 284 1737 326 Christi
1762 284 1972 333 meritum,
1992 284 2020 325 81
2042 283 2121 324 hoc

180 352 245 394 illi
282 351 523 392 liberrimae
560 350 723 403 gratiae
756 349 1066 390 subordinatur.
1098 346 1164 387 Ita
1186 348 1233 386 ut
1264 345 1333 386 hic
1350 344 1546 385 similiter
1563 343 1924 384 determinandum
1942 342 2009 392 sit,
2033 357 2079 382 ac
2098 344 2121 382 Ξι

181 410 453 452 Scholasticis
485 408 537 449 ad
565 408 865 461 quaestionem,
885 406 954 448 An
972 405 1164 447 Christus
1182 404 1356 444 meritus
1379 403 1434 444 sit
1450 401 1802 443 incarnationem:
1830 402 1877 442 de
1896 416 1978 454 qua
1995 400 2118 441 infra.

181 467 258 509 XI.
294 468 430 510 Probl.
465 467 532 508 An
569 467 620 507 iis
653 466 828 507 meritus
860 465 915 506 sit
937 464 1192 518 peculiarem
1215 463 1332 503 illam
1346 476 1489 502 curam
1506 459 1586 501 Dei
1604 460 1711 500 circa
1735 460 1888 500 electos
1908 462 2005 499 ante
2023 474 2120 500 con-

183 527 429 568 versionem.
465 526 579 578 Hesp.
614 526 694 580 ΑΠ’.
728 523 881 566 Confer
903 524 1016 577 (Iisp.
1047 524 1235 563 nostram
1253 521 1301 562 cle
1319 527 1427 562 stam
1451 520 1666 561 electormn
1683 526 1777 559 ame
1798 518 2119 559 conversionem.

182 584 278 626 XII.
313 585 452 627 Probl.
486 583 553 624 An
586 583 734 624 iisdem
766 582 940 623 meritus
973 581 1027 621 sit
1060 580 1242 635 gratiam
1261 581 1477 619 externam
1494 576 1814 631 praedicationis
1834 576 2073 630 Euangelii,
2093 577 2122 618 &

180 644 391 685 internam
426 641 762 691 illuminationis,
787 655 893 694 quae
927 639 1125 680 distincta
1156 638 1211 678 sit
1228 640 1252 678 a
1269 637 1408 691 gratia
1430 635 1603 690 speciali
1620 634 1951 689 regenerationis
1975 636 2005 677 Sc
2022 649 2119 675 con-

182 702 417 743 versionis?
455 702 571 754 Hesp.
605 699 793 749 Quidni?
833 697 1031 746 Quamvis
1070 696 1182 738 enim
1210 695 1349 750 gratia
1371 695 1445 735 illa
1464 695 1506 735 in
1524 708 1676 748 genere
1695 693 1723 734 &
1741 693 1783 733 in
1802 708 1844 734 se
1862 693 2123 734 considerata

182 775 262 801 non
280 760 436 801 habeat
453 758 724 800 infallibilem
744 772 838 798 cum
857 757 995 798 sulute
1012 754 1327 804 connexionem,
1348 753 1503 807 quippe
1521 767 1627 806 quae
1645 751 1833 805 reprobis
1858 752 2120 805 quibusdam,

182 819 334 873 quibus
352 818 543 860 Christus
561 817 669 858 nihil
691 816 865 857 meritus
888 817 964 865 est,
979 813 1211 855 communis
1229 812 1305 862 sit;
1339 815 1480 852 tamen
1498 813 1689 864 respectu
1708 810 1902 864 specialis
1921 810 2120 851 intentio-

182 877 247 918 nis
265 877 429 918 divinae
444 876 665 917 secundum
692 889 818 928 quam
841 873 983 915 electis
1002 887 1053 913 ex
1072 872 1111 913 vi
1129 871 1357 921 electionis,
1377 869 1557 911 foederis
1584 868 1775 923 gratuiti,
1811 868 1840 909 &
1852 868 2123 921 justificatio-

182 936 246 976 nis
279 937 308 978 &
340 933 690 976 reconciliationis
723 933 883 974 activae
920 932 1026 972 dona
1063 931 1092 972 81
1114 930 1224 971 bona
1240 929 1315 970 illa
1332 928 1505 978 confert,
1526 927 1683 968 Christi
1706 926 1950 967 Mediatoris
1970 926 2120 967 merito

183 997 312 1047 atque
333 992 620 1034 intercessioni
639 1006 687 1033 ea
709 990 889 1032 adscribi
905 991 1094 1044 possunt.
1128 987 1262 1029 Sicuti
1278 987 1393 1028 Deus
1412 987 1570 1040 pariter
1601 985 1800 1039 reprobos
1823 986 1852 1026 81
1872 985 2024 1026 electos
2043 985 2121 1026 ali-

183 1067 285 1106 quos
317 1052 501 1093 nondum
535 1050 757 1092 actualiter
788 1063 1007 1090 conversos
1025 1063 1099 1102 per
1117 1061 1379 1088 communem
1392 1045 1573 1099 gratiam
1591 1044 1802 1098 praesenti
1818 1043 2004 1097 periculo
2022 1044 2121 1084 sub-

184 1111 311 1159 ducit,
331 1111 360 1152 &
382 1110 425 1151 in
442 1110 520 1150 hac
543 1109 630 1150 vita
648 1111 865 1150 conservat
881 1122 889 1148 :
908 1107 988 1147 hoc
1004 1109 1147 1147 tamen
1165 1120 1258 1146 cum
1277 1103 1529 1153 discrimine,
1554 1103 1664 1156 quod
1696 1102 1772 1143 hos
1794 1104 2011 1143 conservat
2029 1117 2122 1143 cum

183 1169 356 1223 speciali
388 1167 620 1209 intentione
652 1167 681 1208 81
713 1168 905 1220 respectu
942 1165 994 1206 ad
1015 1164 1327 1206 conversionem
1345 1164 1373 1204 81.
1396 1162 1520 1202 fidem
1538 1161 1745 1202 actualem
1762 1160 1851 1201 sine
1869 1164 1951 1214 qua
1968 1160 2123 1202 salvari

183 1230 418 1281 nequeunt3
457 1226 552 1267 illos
584 1225 771 1266 minime.
807 1226 994 1266 Becmms
1027 1230 1136 1278 part.
1177 1223 1215 1262 3.
1241 1228 1354 1263 tract.
1379 1221 1414 1261 1.
1433 1233 1521 1274 cap.
1543 1219 1607 1260 14.
1627 1226 1782 1274 (μιαθ3ί.
1818 1219 1884 1260 11.
1917 1218 2033 1260 Idem
2051 1219 2122 1259 de-

184 1286 387 1327 terminat
419 1286 467 1326 de
501 1284 669 1326 auxiliis
701 1284 864 1338 gratiae
899 1281 1120 1323 excitantis
1138 1281 1166 1322 &
1185 1279 1422 1335 adjuvantis
1439 1278 1481 1319 h.
1501 1293 1535 1321 e.
1559 1278 1608 1319 de
1625 1277 1880 1318 motionibus
1894 1277 2003 1328 fidei,
2021 1277 2123 1331 spei,

194 1344 429 1386 dilectionis
447 1345 476 1386 &
499 1342 773 1385 contritionis.
807 1340 925 1383 XIII.
959 1340 1100 1384 Probl.
1135 1339 1204 1380 An
1235 1338 1363 1380 etiam
1386 1337 1546 1392 gratias
1564 1336 1698 1391 gratis
1717 1336 1848 1384 datas,
1873 1350 1945 1377 seu
1963 1335 2122 1377 charis—

186 1406 300 1444 mata
315 1405 335 1445 ?
354 1404 470 1458 Hesp.
485 1401 606 1451 Quid,
622 1401 651 1443 &
665 1416 772 1455 quae
785 1401 868 1442 sint
880 1396 1361 1452 charis1nata,peculiari
1374 1396 1479 1450 disp.
1498 1394 1788 1449 explicuimus.
1804 1394 1893 1436 Nos
1910 1409 1991 1436 non
2010 1394 2124 1435 vide-

186 1477 291 1514 mus,
318 1477 390 1503 cur
403 1462 452 1502 de
471 1461 521 1502 iis
534 1460 738 1501 affirmari
755 1474 837 1500 non
856 1458 1010 1513 possit;
1029 1456 1277 1511 praesertim
1295 1455 1350 1496 sit
1367 1454 1450 1495 alia
1468 1453 1722 1495 charismata
1738 1452 1840 1507 ipsis
1857 1452 2125 1494 conferantur

186 1523 283 1562 actu
295 1521 384 1575 jam
397 1519 606 1561 conversis
617 1520 646 1561 8z
658 1519 701 1559 in
715 1517 929 1559 Christum
947 1515 1232 1558 credentibus:
1253 1516 1353 1554 tunc
1370 1513 1482 1554 enim
1491 1527 1588 1553 vera
1601 1512 1702 1552 fides
1719 1512 1905 1553 salvifica
1915 1511 1959 1552 in
1977 1526 2019 1552 se
2033 1526 2126 1552 con-

187 1579 295 1619 tinet
313 1580 419 1619 dona
436 1579 524 1619 illa.
543 1577 673 1631 Atqui
686 1591 783 1618 vera
804 1576 906 1616 fides
923 1575 1136 1632 confertur
1153 1575 1324 1627 propter
1340 1571 1539 1612 meritum
1552 1569 1731 1611 Christi:
1751 1584 1851 1625 ergo
1863 1570 1990 1610 etiam
2000 1585 2125 1624 pecu-

186 1637 303 1677 liaris
315 1637 387 1678 ille
399 1637 559 1687 modus,
579 1650 651 1676 seu
665 1635 851 1676 extensio
864 1635 892 1676 81
911 1633 1136 1688 applicatio
1153 1632 1250 1672 fidei
1262 1631 1314 1671 ad
1325 1631 1429 1672 haec
1437 1629 1704 1678 charismata,
1719 1643 1825 1682 quae
1838 1628 1917 1670 fide
1934 1629 2008 1669 illa
2025 1643 2123 1669 con-

185 1695 359 1736 tinetur.
379 1694 531 1736 Confer
548 1694 683 1748 clispp.
703 1701 866 1735 nostras
883 1692 932 1733 de
953 1691 1180 1742 miraculis,
1200 1689 1239 1731 ἃ·
1255 1690 1304 1730 de
1321 1688 1594 1730 charismatis.
1613 1686 1730 1728 XIV.
1750 1687 1892 1729 Probl.
1910 1686 1979 1727 An
1997 1687 2124 1728 etiam

190 1753 426 1795 communia
440 1752 597 1793 auxilia
609 1755 700 1792 tum
717 1750 927 1792 natura-lia
943 1753 1034 1791 tum
1051 1749 1192 1790 civilia
1204 1748 1315 1789 dicta
1329 1747 1492 1801 gratiae
1510 1745 1751 1796 coercentis,
1764 1759 1837 1786 seu
1852 1745 2121 1799 reprimentis

187 1812 304 1866 [pag.
325 1811 430 1866 273]
449 1826 520 1852 seu
540 1810 787 1860 cohibentis,
806 1822 1076 1863 quaecunque
1103 1806 1465 1861 regenerationem
1492 1806 1565 1845 aut
1582 1803 1789 1844 actualem
1812 1803 2122 1845 conversionem

184 1870 452 1924 praecedunt.
487 1871 603 1924 Hesp.
637 1868 894 1909 Inclinamus
916 1867 959 1907 in
981 1868 1062 1922 ΑΠ’.
1082 1865 1175 1906 XV.
1198 1864 1334 1906 Proba.
1358 1863 1426 1904 An
1443 1862 1637 1903 fidelibus
1654 1862 1830 1902 meritus
1851 1862 1907 1902 sit
1923 1862 2117 1903 benedic-

184 1928 318 1969 tiones
336 1928 447 1969 vitae
469 1927 662 1969 animalis
680 1927 710 1968 &
726 1926 882 1974 civilis3
903 1939 976 1966 seu
993 1925 1104 1965 bona
1120 1923 1263 1973 animi,
1283 1921 1479 1975 corporis,
1498 1920 1706 1971 fortunae,
1730 1934 1957 1973 eorumque
1979 1920 2116 1974 quali-

184 1989 315 2027 tatem
349 1987 378 2027 &
411 1986 705 2040 quantitatem,
739 1985 890 2038 quibus
923 1984 965 2024 in
993 1985 1106 2024 statu
1143 1981 1241 2022 fidei
1273 1982 1302 2023 Sc
1319 1979 1481 2035 gratiae
1500 1978 1726 2020 existentes
1748 1978 1959 2019 fruuntur.
1994 1978 2120 2035 Hesp.

185 2044 286 2086 Incl.
320 2045 364 2085 in
396 2045 425 2086 A
434 2047 479 2101 ff
514 2043 558 2085 Si
586 2044 695 2084 enim
729 2043 922 2084 fidelibus
959 2041 1099 2082 omnia
1129 2040 1204 2081 illa
1221 2042 1405 2089 externa,
1426 2037 1552 2079 etiam
1576 2037 1761 2088 adversa,
1785 2039 2061 2090 cooperantur
2077 2037 2121 2078 in

185 2104 343 2144 bonum
375 2105 491 2146 Rom.
521 2104 560 2144 8.
580 2103 649 2144 28.
683 2103 711 2144 &
728 2101 862 2155 pietas
881 2115 1024 2142 eorum
1041 2098 1337 2153 promissiones
1353 2097 1483 2137 habet
1504 2095 1737 2149 praesentis
1753 2095 1864 2136 vitae
1887 2096 1923 2137 1.
1947 2096 2119 2137 Timotlz.

187 2164 226 2202 4.
247 2162 286 2202 8.
305 2162 334 2203 &
350 2162 466 2202 Deus
482 2161 677 2202 fidelibus
699 2159 861 2201 confert
879 2159 1020 2200 omnia
1037 2158 1089 2198 ad
1105 2158 1236 2198 vitam
1252 2155 1487 2197 necessaria
1505 2155 1545 2195 2.
1566 2155 1673 2195 Pecr.
1694 2154 1730 2195 1.
1756 2154 1795 2194 3.
1814 2168 1885 2194 cur
1902 2153 2122 2195 dicendum

186 2234 268 2261 non
300 2220 356 2260 sit
386 2219 526 2261 omnia
559 2219 632 2260 illa
651 2220 823 2272 propter
840 2217 1055 2258 Christum
1073 2215 1231 2266 donari,
1250 2216 1279 2257 81
1296 2215 1597 2267 consequenter
1619 2211 1834 2253 Christum
1852 2212 1996 2253 eadem
2017 2211 2119 2266 ipsis

187 2278 462 2332 promeritum
490 2292 591 2319 esse.
625 2276 721 2318 Huc
744 2276 948 2330 applicari
975 2277 1115 2329 potest
1145 2275 1259 2314 locus
1279 2272 1455 2313 Roman.
1481 2272 1519 2311 8.
1538 2285 1644 2313 vers.
1670 2271 1737 2311 31.
1762 2271 1829 2311 32.
1853 2271 1901 2311 Li
1916 2271 2029 2312 Deus
2042 2284 2122 2325 pro

186 2337 304 2378 nobis
339 2335 411 2378 ac.
450 2335 531 2387 Qui
558 2336 730 2390 proprio
763 2335 849 2391 filio
866 2348 952 2375 non
968 2333 1154 2388 pepercit,
1179 2333 1357 2373 sedeam
1375 2344 1453 2384 pro
1469 2330 1663 2371 omnibus
1680 2329 1796 2370 nobis
1815 2329 1998 2380 tradidit,
2017 2343 2119 2385 quo-

187 2395 308 2437 modo
344 2408 431 2436 11οη
461 2395 603 2435 omnia
639 2408 733 2436 cum
765 2394 854 2448 ipso
885 2392 956 2434 ae.
990 2391 1104 2432 XVI.
1141 2390 1281 2433 Proba.
1320 2389 1382 2430 An
1422 2387 1596 2429 meritus
1616 2387 1671 2427 sit
1688 2387 1830 2428 electis
1848 2402 1929 2428 non
1952 2390 2120 2428 tantum

186 2454 306 2504 dona,
340 2454 369 2494 81
386 2452 544 2508 gratias
567 2466 708 2493 onmes
720 2452 808 2505 jam
826 2450 1065 2500 recensitas,
1085 2449 1156 2490 sed
1173 2449 1202 2490 &
1220 2447 1542 2496 satisfactioneS,
1580 2459 1755 2486 necnon
1776 2446 1927 2486 merita
1949 2446 1998 2486 de
2015 2460 2120 2487 con-

188 2525 293 2566 gruo
311 2514 384 2553 aut
401 2511 550 2552 saltem
568 2511 617 2551 de
635 2509 840 2564 condigno
855 2511 874 2550 ‘?
908 2510 1026 2563 Hesp.
1061 2507 1126 2548 Ita
1148 2507 1316 2561 quidem
1333 2505 1465 2546 velint
1483 2503 1708 2553 Pontificii,
1728 2517 1820 2544 cum
1839 2504 2121 2545 determinant

187 2572 331 2611 nostra
363 2569 513 2610 merita
534 2568 695 2610 ratione
713 2567 964 2608 auxiliorum
986 2566 1163 2621 gratiae,
1193 2579 1299 2619 quae
1318 2563 1438 2604 nobis
1455 2563 1606 2602 dantur
1623 2562 1674 2601 ad
1697 2562 1800 2603 bene
1818 2562 2074 2616 operandum
2092 2563 2121 2604 &

189 2628 445 2679 merendum,
473 2627 652 2681 pendere
680 2640 730 2667 ex
748 2625 910 2666 meritis
928 2624 1107 2666 Christi:
1143 2624 1252 2677 quod
1270 2622 1357 2663 scil.
1376 2635 1501 2661 causa
1517 2623 1754 2660 nostrorum
1770 2620 2016 2661 meritorum
2037 2620 2122 2661 sint

189 2686 346 2727 auxilia
364 2686 526 2741 gratiae
542 2705 550 2733 ;
570 2699 676 2738 quae
697 2684 817 2724 nobis
835 2683 987 2724 dantur
1004 2698 1054 2724 ex
1070 2681 1232 2723 meritis
1250 2679 1419 2721 Christi.
1454 2677 1560 2719 Vide
1589 2693 1639 2718 ex
1671 2678 1972 2720 recentioribus
1996 2679 2119 2725 Beca-

186 2757 292 2786 num
314 2745 360 2785 in
383 2745 515 2786 leeol.
533 2743 726 2785 Sclzolasl.
749 2749 857 2796 pare.
878 2742 916 2781 3.
941 2749 1052 2782 [racc.
1075 2741 1110 2781 1.
1130 2753 1219 2793 cap.
1239 2738 1306 2778 14.
1325 2751 1396 2793 qu.
1421 2737 1485 2776 12.
1520 2735 1604 2777 Ubi
1634 2735 1762 2777 refert
1784 2736 2027 2778 intestinam
2050 2752 2120 2777 su-

189 2817 305 2843 orum
325 2802 663 2850 controversiam,
688 2800 756 2841 An
775 2814 901 2854 opera
922 2802 1065 2850 nostra
1083 2798 1194 2839 facta
1211 2811 1284 2850 per
1307 2795 1465 2837 auxilia
1492 2794 1670 2848 gratiae,
1689 2795 1873 2836 valorem
1896 2810 1968 2836 seu
1986 2795 2119 2836 virtu-

2034 2855 2122 2895 tem
