2399 3084
252 97 333 138 102
560 94 717 134 Disr.
752 92 941 133 IV.DE
974 91 1398 133 NEcssssmA'rss
1431 104 1492 130 ET
1524 88 1864 130 UT1L1TATE

250 222 317 260 tus
349 217 508 271 templa
541 215 818 256 Arrianorum
837 214 975 256 claudi
991 215 1132 269 jussit.
1166 213 1314 255 Theol.
1334 213 1433 254 hist.
1453 213 1482 254 l.
1502 213 1541 253 5.
1560 228 1594 254 e.
1617 212 1684 253 16.
1721 212 1821 255 Post
1847 212 2061 254 Theodosii
2083 212 2198 254 illinc

251 278 443 326 reditum,
475 274 788 329 Amphilochius
822 275 888 315 ille
918 274 1194 322 admirabilis,
1232 273 1352 326 eujus
1390 272 1558 326 saepius
1584 272 1610 312 a
1646 272 1813 325 mejam
1834 276 1945 326 sacta
1964 279 2019 313 est
2036 271 2200 320 mentio,

251 336 409 378 accessit
426 341 626 376 oratitrus
644 333 957 387 Imperatorem,
980 334 1042 374 uti
1075 347 1124 374 eat
1140 331 1312 374 urbibus
1329 331 1591 373 Arianorum
1613 338 1835 372 eminentiis
1853 331 2019 384 ejiceret.
2053 330 2102 371 At
2121 330 2200 371 im-

248 402 416 450 perator
428 393 746 447 postulationem
764 392 881 434 illam
898 391 1027 433 nimis
1042 405 1224 434 severam
1245 389 1285 432 ec
1300 390 1580 432 inhumanam
1599 389 1823 432 arbitratus
1839 390 1981 444 rejicit.
2014 389 2189 443 Sapien-

251 453 437 495 tissimus
470 452 599 506 iqitur
630 450 947 505 Amphilochius
967 464 1011 492 re
1032 451 1087 492 ad
1105 458 1265 504 tempus
1290 450 1425 500 tacita,
1442 449 1570 492 aliam
1588 449 1793 490 rationem
1810 448 1865 490 ad
1883 448 1940 500 id,
1963 448 2077 503 quod
2092 448 2195 488 vole-

251 513 329 560 bat,
361 511 644 560 obtinendum,
677 523 850 564 eamque
873 511 998 563 plane
1034 509 1342 551 memorabilem
1369 508 1618 563 eoeeoqitavit.
1654 508 1762 551 Nam
1793 521 1889 549 eum
1920 508 2002 550 alio
2019 515 2199 560 tempore

252 573 355 627 sorte
388 571 500 611 intra
529 569 741 623 palatium
778 576 890 618 esset,
910 569 1141 624 videretque
1162 576 1366 610 astantem
1386 567 1635 621 Imperatori
1652 568 1788 622 silium
1807 580 1936 608 suum
1953 566 2199 613 Arcadium,

253 630 325 685 qui
361 642 498 682 ‘nuper
532 628 766 681 Imperator
783 635 943 670 creatus
965 628 1116 682 fuerat,
1137 628 1274 681 ipsum
1301 626 1603 681 Imperatorem
1628 625 1903 668 Theodosium
1921 625 1987 679 (ut
2013 638 2103 666 mos
2124 623 2201 677 est)

253 688 447 731 salutavit
465 687 530 730 ille
551 687 731 742 quidem.
754 686 824 728 sed
839 687 976 742 filium
993 687 1081 728 sine
1098 687 1254 728 honore
1275 686 1444 728 dimisit.
1479 685 1716 739 Imperator
1732 693 1871 727 autem
1892 691 2012 726 ratus
2028 683 2205 737 Amphi-

254 747 433 790 lochium
465 746 636 789 oblitum
667 746 807 802 officii,
826 746 941 800 jubet
973 746 1177 802 adsiliunt
1197 745 1393 796 accedere,
1410 758 1585 800 eumque
1601 745 1794 787 osculari.
1822 744 1874 785 At
1896 743 2208 797 Amphilochius

253 806 478 861 respondit,
512 805 622 847 Satis
655 819 750 855 esse,
778 805 889 860 quod
925 805 960 846 ei
980 805 1180 846 honorem
1212 805 1426 846 habuerat.
1461 804 1604 859 ltaque
1636 803 1884 846 Theodosius
1906 816 1993 844 rem
2011 802 2149 844 acerbe
2168 800 2209 844 a

253 865 434 921 qraviter
463 866 612 919 ferens,
634 863 838 919 probrum
862 864 946 921 silio
969 864 1169 918 objectum.
1188 864 1308 919 [pag.
1329 863 1436 918 503]
1458 863 1654 917 injuriae,
1673 864 1756 905 loco
1774 862 1853 904 sibi
1868 862 1951 917 ipsi
1967 861 2104 904 illatae
2124 874 2208 902 nu-

257 924 440 966 meravit.
481 924 586 965 Tum
624 923 959 977 sapientissimus
990 923 1307 978 Amphilochius
1339 923 1557 964 declarans
1579 922 1841 976 Imperatori,
1855 921 1968 976 quod
1984 921 2127 962 animo
2144 920 2210 961 in-

257 982 459 1033 stituebat,
493 989 679 1023 contenta
701 996 818 1030 voce,·
845 980 974 1030 Vides,
995 983 1148 1038 inquit,·
1166 997 1188 1023 0
1208 982 1452 1035 Imperator,
1471 982 1600 1037 quam
1617 983 1736 1036 aeqre*
1758 980 2036 1036 iqnominiam
2053 979 2132 1036 filii
2149 979 2211 1020 tui

257 1042 443 1098 patiare:
475 1042 604 1082 immo
637 1055 730 1082 ‘cero
762 1041 858 1091 illis,
892 1042 1028 1096 quiin
1048 1056 1143 1083 eum
1161 1042 1382 1091 insultant,
1400 1040 1655 1082 vehementer
1669 1054 1890 1082 succenses,
1912 1039 2064 1082 Credas
2081 1038 2212 1093 iqitur

259 1101 363 1143 mihi
393 1101 528 1151 velim,
562 1100 690 1154 hujus
725 1100 1008 1142 universitatis
1040 1108 1236 1142 rectorem
1267 1101 1420 1151 Deum,
1452 1113 1518 1141 eos
1535 1100 1609 1155 qui
1625 1107 1769 1141 eontra
1791 1097 2211 1156 filiumuniqenitum

259 1174 388 1203 suum
407 1160 644 1215 loquuntur
660 1158 953 1214 blasphemias,
971 1160 1110 1201 itidem
1127 1160 1333 1210 detestari,
1357 1159 1397 1202 ἃ·
1423 1167 1625 1215 tanquam
1644 1159 1828 1213 inqratos
1845 1172 1941 1213 erqa
1963 1164 2213 1199 servatorem

264 1219 305 1262 a·
325 1226 556 1273 patronum
586 1232 716 1260 suum
749 1218 841 1260 odio
866 1220 1074 1274 prosequi.
1111 1219 1238 1273 Cujus
1262 1219 1495 1260 institutum
1516 1232 1611 1260 cum
1629 1217 1703 1260 hoc
1717 1225 1835 1272 paeto
1853 1216 2109 1259 intelleaeisset
2126 1217 2214 1257 Im-

259 1285 438 1333 perator,
461 1279 571 1331 sacta
588 1278 625 1331 ej
629 1291 675 1319 us
693 1277 880 1333 dictaque
896 1279 1025 1320 simul
1041 1278 1293 1328 admiratus,
1312 1279 1439 1332 leqem
1453 1278 1651 1332 protinus
1668 1277 1922 1330 conscripsit,
1941 1290 2048 1332 quac
2063 1274 2213 1317 vetebat

262 1344 484 1379 conventus
516 1335 565 1378 ab
598 1337 809 1378 haereticis
846 1338 927 1391 aqi.
952 1336 1041 1391 Pop
1059 1336 1273 1378 conditum
1291 1351 1440 1390 corpus
1458 1336 1575 1377 Juris
1594 1335 1728 1377 civilis
1747 1335 1959 1377 emanavit
1981 1349 2090 1376 anno
2115 1333 2212 1375 639.

262 1395 458 1438 Ecthesis
481 1394 670 1436 Heraclii
688 1395 736 1436 de
759 1394 801 1437 S.
821 1394 1031 1437 Trinitate
1049 1398 1078 1438 ἃ
1096 1396 1198 1436 Fide
1223 1395 1452 1446 catholica,
1473 1395 1544 1436 ubi
1562 1395 1976 1436 anathematizantur
1992 1394 2022 1436 &
2040 1392 2214 1447 ejiciun-

262 1459 332 1496 tur
363 1453 728 1495 Anti-Trinitarii.
761 1454 915 1495 Exstat
948 1455 1059 1508 apud
1085 1454 1334 1496 Goldastum
1353 1457 1454 1496 tom.
1476 1455 1514 1496 3.
1538 1469 1580 1508 p.
1600 1454 1698 1495 637.
1718 1454 1755 1495 7.
1774 1453 1825 1495 Et
1843 1453 1940 1495 hacc
1957 1454 2002 1495 in
2021 1452 2216 1494 omnibus

264 1521 487 1570 sequentes,
505 1512 546 1555 ἃ·
563 1513 707 1554 111011111
723 1527 867 1555 eorum
890 1514 1156 1568 suscipientes
1172 1514 1381 1568 doqmata,
1399 1527 1555 1564 omnes,
1573 1527 1676 1568 quos
1697 1520 1954 1568 eoeceperunt,
1972 1512 2215 1567 eoecipimus,

268 1572 309 1615 a
339 1586 494 1622 omnes,
522 1586 626 1627 quos
647 1572 861 1626 ejecerunt,
891 1573 1077 1627 ejicimus
1094 1572 1134 1615 a·
1150 1572 1573 1622 anathematizamus,
1590 1572 1812 1627 praecipue
1834 1572 2054 1622 Novatum,
2078 1570 2216 1613 Sabel—

266 1633 385 1682 lium,
418 1632 582 1682 Arium,
610 1632 881 1683 Eunomium,
916 1632 1218 1682 Macedonium,
1241 1632 1537 1686 Apollinarem,
1560 1632 1793 1686 Oriqenem,
1811 1631 2062 1685 Euaqrium,
2080 1629 2217 1684 Didy-

265 1705 399 1741 mum,
443 1690 702 1732 Theodorum
737 1691 1086 1744 ltlopsuestenam,
1123 1691 1373 1741 Nestorium,
1391 1691 1557 1747 Eutych.
1575 1705 1618 1741 n,
1640 1691 1902 1741 Dioscorum,
1925 1689 2159 1739 Serverum,
2178 1687 2219 1731 a·

266 1750 398 1804 impia
428 1749 582 1803 scripta
620 1749 865 1801 Theoderici,
885 1764 991 1805 quae
1006 1757 1150 1791 eontra
1167 1758 1318 1792 rectam
1336 1751 1459 1806 sidem
1478 1750 1518 1792 a·
1539 1750 1795 1804 Ephesinam
1817 1749 2036 1804 Synodum
2057 1747 2098 1791 86
2113 1748 2218 1790 duo-

266 1809 395 1851 decim
430 1809 622 1863 Capitula
655 1809 785 1850 saneti
820 1809 975 1865 Cyrilli,
1002 1808 1043 1851 ‹f'c
1058 1810 1204 1864 qzamti
1223 1823 1301 1863 pro
1325 1809 1535 1852 Theodoro
1552 1809 1592 1851 a·
1615 1809 1798 1852 Nestorio
1816 1809 2162 1861 conscripserunt,
2180 1805 2220 1848 ἃ·

266 1874 556 1922 nuncupatam
578 1867 671 1909 Ibae
687 1868 945 1922 Epistolam:
968 1868 1008 1910 ἃ·
1030 1869 1252 1910 hortamur
1267 1882 1410 1911 omnes
1431 1868 1689 1911 Christianos
1707 1868 1764 1909 sic
1780 1881 1935 1922 sapere,
1962 1866 2003 1909 a
2019 1867 2074 1908 sie
2090 1865 2219 1921 91011-

267 1929 403 1984 ficare,
430 1926 538 1968 nihil
568 1926 764 1968 addentes
785 1927 862 1978 his,
889 1927 998 1968 nihil
1028 1927 1324 1977 subtrahentes,
1348 1928 1455 1970 nihil
1482 1934 1824 1977 transmutantes,
1857 1926 2086 1968 secundum
2109 1924 2221 1980 quod

270 1987 471 2040 seriptum
487 1993 556 2027 est.
589 1984 753 2026 Ibidem
771 2001 811 2040 p.
846 1986 943 2026 642.
977 1986 1176 2027 Edictum
1199 1989 1262 2027 est
1288 1986 1554 2028 Constantini
1581 1985 1634 2028 V.
1652 1985 1861 2040 Pogonati
1878 1986 1927 2026 de
1943 1984 1977 2026 F
1981 1985 2047 2026 ide
2065 1983 2220 2026 Catho-

270 2045 363 2096 lica,
395 2046 424 2087 &
442 2044 710 2085 damnatione
732 2044 994 2086 haereseum.
1015 2058 1130 2086 anno
1149 2045 1246 2086 681.
1270 2044 1352 2087 Ubi
1369 2060 1457 2099 cap.
1483 2046 1522 2087 S.
1546 2045 1960 2087 Anathematizamus
1976 2051 2114 2086 autem
2130 2057 2220 2084 om-

271 2118 366 2146 nem
396 2103 612 2154 haeresim,
645 2118 749 2159 quae
784 2105 810 2144 a
828 2104 997 2146 Simone
1013 2118 1147 2160 usque
1173 2118 1286 2146 nunc
1303 2105 1348 2145 in
1367 2105 1445 2146 Dei
1460 2104 1680 2147 Ecclesiam
1703 2103 1939 2145 introducta
1953 2110 2010 2145 est
2027 2103 2083 2145 ad
2098 2102 2221 2144 disci-

271 2163 451 2205 dendam
481 2176 624 2216 pacem
661 2170 783 2218 atque
812 2164 1133 2205 unanimitatem
1170 2163 1435 2205 credentium.
1469 2163 1527 2204 Et
1559 2178 1648 2216 cap.
1667 2163 1745 2205 His
1762 2163 1954 2205 omnibus
1970 2163 2222 2204 itaasancto

272 2223 344 2264 hoe
376 2222 604 2264 universali
635 2230 745 2264 secto
784 2220 961 2264 Concilio
993 2222 1235 2272 constitutis,
1273 2221 1402 2276 &per
1417 2222 1940 2276 subscriptionemnostrae
1961 2220 2222 2276 fortitudinis

274 2281 542 2337 confirmatis,
566 2281 791 2330 sancimus,
810 2289 855 2322 ut
877 2296 903 2322 n
914 2282 1024 2323 ullus
1045 2295 1205 2336 quoque
1234 2282 1407 2322 omnino
1433 2282 1552 2323 aliud
1574 2281 1796 2336 quiequam
1813 2281 1861 2322 de
1876 2281 1957 2338 fide
1972 2286 2146 2335 sataqat,
2163 2279 2224 2320 vet

274 2340 370 2382 novi
386 2340 461 2394 dog]
469 2340 588 2380 matis
605 2340 661 2381 ad
678 2340 955 2382 inventionem
980 2340 1252 2391 machinetur,
1270 2348 1343 2382 aut
1360 2341 1525 2394 penitus
1541 2354 1589 2381 ae
1605 2353 1714 2381 unae
1730 2341 1937 2382 voluntate
1956 2338 1997 2382 a
2018 2352 2107 2381 una
2128 2351 2222 2392 ope-

275 2399 435 2441 ratione
469 2398 640 2440 doeendi
667 2399 885 2453 indicium,
908 2400 969 2441 vel
986 2412 1218 2440 sermonem
1236 2407 1501 2440 commovent.
1536 2400 1619 2443 Nos
1636 2399 1748 2440 enim
1769 2407 1932 2440 sanctos
1949 2399 1979 2440 &
1993 2396 2224 2452 probabiles
2252 2416 2254 2418 v

278 2458 425 2500 Patres
455 2465 618 2499 nostros
645 2466 854 2513 sequentes
871 2466 1126 2500 naturarum
1144 2459 1369 2500 voluntates
1386 2458 1719 2500 adnunciamus:
1748 2457 1788 2500 a
1803 2458 1906 2500 sieut
1922 2457 2030 2499 duas
2046 2463 2224 2498 naturas

278 2516 323 2557 in
354 2516 512 2557 Christo
533 2517 750 2566 eredimus,
775 2518 832 2558 ita
862 2516 903 2559 δ’(
934 2517 1040 2559 duas
1072 2518 1285 2558 naturales
1307 2518 1546 2559 voluntates.
1566 2516 1606 2559 a·
1622 2517 1728 2559 duas
1745 2517 1995 2571 operationis
2008 2515 2225 2569 praedica-

279 2588 387 2615 mus.
421 2575 529 2615 Haee
559 2583 657 2617 sunt
692 2588 811 2618 verae
842 2576 888 2617 in
918 2577 1056 2618 Deum
1073 2576 1342 2630 confessionis
1359 2576 1578 2631 doqmata;
1595 2576 1692 2617 haec
1707 2574 2169 2630 suntEuanqeliearum
2186 2572 2226 2616 a·

280 2633 607 2687 Apostolicarum
638 2648 782 2676 vocum
808 2635 1133 2689 praedicationes
1146 2650 1160 2684 ;
1180 2634 1278 2676 haec
1298 2643 1395 2677 sunt
1421 2643 1663 2676 sanctorum
1681 2633 1959 2677 Conciliorum
1977 2634 2017 2675 ἃ·
2029 2632 2225 2687 probabi-

282 2692 386 2733 lium
424 2691 711 2734 Paternarum
744 2694 958 2747 liquarum
977 2694 1219 2748 didaqmata
1231 2710 1246 2743 ;
1269 2694 1366 2735 haec
1384 2695 1548 2744 Petrus,
1568 2694 1642 2750 qui
1662 2691 1703 2735 ἃ·
1715 2701 1835 2748 petra
1855 2693 1952 2750 fidei
1968 2691 2008 2734 a·
2029 2692 2226 2745 Princeps

283 2750 590 2804 Apostolorum,
628 2752 871 2793 intemerata
903 2753 1090 2794 servavit.
1125 2753 1177 2793 In
1208 2753 1285 2794 hac
1309 2753 1390 2809 side
1415 2752 1648 2795 &vivimus
1669 2750 1710 2793 ἃ·
1731 2765 1970 2807 reqnamus,
1996 2749 2037 2792 a
2057 2763 2225 2804 conreq-

284 2809 406 2851 nanti
426 2808 542 2850 nobis
574 2810 673 2861 Deo,
706 2824 956 2866 conreqnare
973 2812 1108 2854 denuo
1126 2825 1357 2866 speramus.
1392 2812 1512 2854 Hanc
1528 2812 1713 2854 comitem
1731 2811 1827 2853 hinc
1842 2810 2065 2853 recedentes
2082 2808 2228 2849 habere

1957 2868 2228 2925 deposcimus,
