2399 3084
300 107 383 149 240
475 105 618 148 1)131>.
653 104 772 147 VIII.
806 104 878 147 DE
912 104 1157 147 PERSONA
1190 105 1413 146 CHRISTI
1446 103 1786 147 MEDIATORIS
1819 103 1954 147 PARS
1986 104 2063 148 III.

296 230 356 271 tia
379 244 451 271 seu
469 227 728 278 accidentali,
756 229 829 268 aut
861 243 1070 282 suprema,
1099 230 1282 279 aeterna,
1300 227 1480 279 infinita,
1503 227 1687 268 naturali
1705 243 1778 269 seu
1796 228 2023 269 essentiali.
2058 227 2139 269 Sed
2157 243 2240 270 non

299 288 450 342 priori3
471 301 571 341 ergo
587 286 826 340 posteriori.
859 285 940 327 Vel
964 288 1035 336 sic,
1060 286 1273 328 Christum
1292 285 1567 327 Mediatorem
1585 287 1661 327 sub
1684 286 1758 327 illo
1774 286 1957 338 formali,
1981 301 2063 340 qua
2081 286 2241 328 Media-

300 351 365 388 tor
388 349 464 396 est,
483 345 649 386 credere
667 345 865 386 debemus
888 345 1022 386 filium
1043 361 1093 387 ex
1119 344 1209 386 Deo
1237 345 1451 400 genitum:
1480 348 1553 385 aut
1570 345 1650 386 fide
1667 345 1830 393 divina3
1860 347 1933 386 aut
1949 345 2029 386 fide
2048 345 2244 400 religiosa

298 404 487 446 inferiori
504 403 669 444 divinae
686 406 829 445 tamen
861 406 889 446 &
918 418 1138 459 supremae
1155 404 1369 457 proxima3
1404 406 1476 444 aut
1494 403 1573 444 fide
1591 418 1666 444 nec
1684 403 1822 444 divina
1839 418 1915 445 nec
1934 404 2146 458 religiosa,
2172 405 2243 445 sed

299 479 411 505 mere
430 463 636 510 human-23
656 464 729 503 aut
745 462 825 503 fide
843 463 975 504 nulla.
1008 462 1089 504 Sed
1116 477 1199 503 non
1216 462 1297 503 fide
1314 462 1517 510 inferiori,
1543 464 1615 502 aut
1631 462 1831 513 humana,
1864 464 1937 503 aut
1953 463 2094 504 nulla:
2122 462 2238 518 Ergo

299 523 378 564 fide
397 522 552 563 divina.
586 520 653 561 Ad
673 521 887 574 sophisma
905 521 947 562 in
966 521 1156 562 terminis
1174 521 1416 574 responderi
1434 521 1575 569 velim,
1595 521 1653 561 310
1675 523 1722 561 ut
1744 535 1862 561 arma
1878 521 2033 562 nostris
2054 536 2137 562 non
2155 525 2242 562 eri-

297 582 468 636 piantur
500 582 644 621 contra
671 578 936 629 Socinianos;
976 595 1051 621 nec
1083 580 1282 620 mediatio
1306 579 1478 630 Christi,
1511 593 1618 634 quae
1636 579 1786 620 relatio
1804 581 1866 620 est
1887 579 1931 619 in
1946 581 2135 633 tempore
2152 580 2244 633 ipsa

300 641 509 690 accedens,
528 638 651 680 realis
671 638 790 693 [pag.
807 639 912 694 333]
927 639 1095 693 quidem
1112 641 1304 692 respectu
1321 638 1531 679 humanae
1559 640 1749 688 naturae,
1768 638 1839 679 sed
1855 638 2030 679 rationis
2052 641 2244 692 respectu

299 699 463 739 divinae
491 701 680 747 naturae,
718 712 799 737 non
832 700 999 738 tantum
1032 697 1314 739 constituatur
1330 697 1439 738 ratio
1458 711 1629 737 movens
1647 711 1720 737 3011
1738 697 1943 737 motivum
1968 699 2042 737 aut
2059 697 2243 738 medium

299 757 395 798 fidei
414 757 462 798 de
480 755 697 806 filiatione,
729 756 801 796 sed
835 756 963 797 etiam
981 756 1262 797 constituatur
1282 756 1423 810 ipsum
1439 755 1647 809 objectum
1664 755 1881 809 proprium
1903 756 1932 797 81
1949 754 2139 806 formale,
2157 756 2243 810 pri-

299 831 414 857 mum
432 816 461 857 81
478 815 736 865 ultimatum,
758 813 1094 864 fundamentum,
1114 814 1222 855 ratio
1240 813 1569 855 fundamentalis
1587 815 1616 856 81
1629 813 1914 864 terminativa,
1933 814 2041 855 ratio
2053 813 2244 855 formalis

299 875 396 916 fidei
420 874 496 915 sub
516 888 599 928 qua
621 873 770 914 reliose
801 873 903 914 fides
926 873 1125 914 salutaris
1142 873 1185 913 in
1204 873 1414 927 objectum
1431 873 1537 913 illud
1558 872 1693 914 fertur
1710 873 1738 914 &
1755 872 1911 913 tendit:
1932 873 2137 925 quomodo
2154 887 2243 914 om-

299 935 363 975 nis
380 932 553 988 physica
575 931 759 986 cognitio
777 932 913 973 tendit
930 932 974 972 in
1006 946 1155 986 corpus
1176 932 1409 972 humanum
1432 932 1625 972 naturale
1649 931 1725 972 snb
1743 931 1904 972 ratione
1922 930 2092 972 formali
2108 932 2240 973 mobi-

298 992 445 1043 litatis,
469 990 628 1032 medica
651 990 836 1045 cognitio
853 991 894 1033 111
918 991 1030 1032 idem
1048 1005 1196 1044 corpus
1213 990 1349 1032 tendit
1366 990 1442 1031 sub
1460 989 1622 1030 ratione
1639 989 1807 1030 formali
1826 989 2121 1031 sanabilitatis.
2139 990 2243 1032 Pos-

300 1054 392 1092 sent
411 1051 555 1092 eadem
571 1049 650 1090 1130
672 1048 821 1100 forma,
848 1064 973 1103 quam
990 1049 1173 1104 plurima
1190 1049 1313 1090 istius
1341 1049 1560 1090 commatis
1579 1048 1841 1102 sophismata
1858 1048 1983 1100 necti,
2006 1049 2054 1089 de
2075 1048 2242 1090 Christo
2279 1094 2285 1100 ,

299 1110 531 1151 mediatore
559 1108 635 1149 sub
664 1108 737 1148 illo
765 1108 948 1159 formali,
967 1123 1050 1163 qua
1066 1108 1272 1149 mediator
1290 1110 1365 1157 est,
1395 1108 1585 1157 amando,
1610 1121 1750 1148 amore
1773 1109 1846 1147 aut
1862 1107 2000 1147 divino
2019 1108 2048 1149 &
2065 1122 2241 1156 summo,

301 1172 374 1210 aut
391 1167 580 1209 inferiori
613 1166 699 1207 sive
732 1167 930 1222 religioso
954 1168 1040 1208 sive
1072 1181 1185 1208 mere
1202 1167 1387 1207 humano
1415 1167 1482 1208 810.
1515 1165 1596 1207 Sed
1612 1166 1716 1206 11300
1732 1166 1827 1219 plus
1846 1180 1971 1219 qua-m
1990 1165 2242 1217 suffecerint,

299 1228 343 1268 in
365 1227 515 1280 quibus
532 1229 736 1279 tanquam
758 1226 802 1266 in
824 1227 992 1280 speculo
1015 1226 1118 1267 satis
1150 1225 1282 1267 videri
1304 1225 1448 1279 possit,
1472 1224 1673 1279 quaesitis
1689 1224 1774 1265 illis
1793 1224 2113 1279 argutiis,1iiliil
2130 1225 2244 1266 aliud

300 1301 427 1341 quam
439 1300 567 1326 novas
585 1285 613 1326 &
631 1285 807 1338 majores
820 1285 1017 1326 tenebras
1029 1284 1281 1339 theologicis
1298 1283 1591 1325 controversiis
1610 1285 1807 1339 (quarum
1819 1283 2113 1324 necessitatem
2124 1283 2242 1324 hete-

300 1345 444 1386 rodoxi
460 1343 581 1384 nobis
599 1342 777 1396 faciunt)
796 1344 955 1384 offundi
970 1360 978 1393 3
1013 1344 1061 1384 de
1082 1358 1261 1397 quarum
1278 1343 1416 1396 plen-st,
1436 1342 1670 1396 perspicua,
1694 1356 1740 1382 30
1758 1341 2052 1395 compendiosa
2069 1342 2238 1396 expedi-

301 1404 425 1454 tione,
444 1405 473 1445 &
485 1404 788 1455 consequenter
806 1403 854 1443 de
873 1417 1051 1455 quarum
1068 1402 1362 1442 imminutione
1381 1404 1520 1455 potius
1538 1401 1814 1442 laborandum
1833 1402 1953 1441 esset.
1991 1399 2126 1441 Unam
2145 1415 2243 1441 ean-

301 1464 478 1516 demque
513 1460 799 1501 adorationem
830 1460 987 1502 Christi
1015 1463 1159 1502 contra
1193 1460 1351 1501 similes
1384 1459 1721 1500 Lutheranorum
1740 1459 1953 1513 quaesitas
1967 1459 2170 1513 argutias,
2190 1460 2242 1500 ad

301 1522 470 1563 modum
504 1519 856 1573 apotelesmatum
891 1519 1235 1561 theandricorum
1264 1518 1548 1572 accipiendam
1567 1533 1669 1568 esse,
1691 1521 1736 1558 ut
1753 1519 1781 1560 81
1794 1518 1995 1559 virtutem
2015 1518 2243 1558 mundandi

302 1584 326 1622 3
357 1579 538 1635 peccatis
556 1579 583 1620 Sc
602 1577 839 1619 vivificandi
852 1581 1103 1632 potestatem
1130 1578 1372 1618 remittendi
1389 1580 1573 1631 peccata,
1593 1576 1813 1617 exercendi
1825 1576 2044 1630 judicium,
2067 1577 2241 1631 regendi

301 1639 520 1681 ecclesiam
537 1638 601 1679 810.
620 1637 803 1677 ostendit
821 1636 975 1678 Matth.
1010 1636 1219 1677 Martinus
1238 1639 1382 1677 contra
1405 1635 1678 1676 Mentzerum.
1699 1650 1732 1676 c.
1756 1636 1795 1676 3.
1815 1650 1863 1675 ex
1883 1649 1964 1688 quo
1983 1649 2022 1688 p.
2044 1635 2112 1675 86.
2132 1635 2241 1676 habe

301 1698 403 1739 haec
440 1696 586 1738 verba:
620 1695 913 1737 Adoreilionem
941 1696 1069 1751 iyicar
1088 1696 1239 1737 Christi
1256 1695 1436 1750 intelliqo
1455 1695 1500 1736 m
1515 1708 1660 1749 qenere
1676 1694 1724 1735 de
1739 1695 1892 1735 honore
1910 1707 1982 1735 303
1999 1694 2237 1745 merentia,

300 1771 404 1814 quae
424 1755 602 1798 eoehiberi
617 1754 726 1795 debet
748 1755 907 1796 Christo
925 1756 989 1797 810.
1008 1763 1053 1796 ut
1070 1768 1266 1809 eoyhoseo
1282 1754 1489 1795 Christum
1508 1753 1766 1800 Ξεὰνθρωπομ
1787 1751 1955 1794 &credo
1969 1753 2013 1793 m
2033 1753 2243 1794 Christum

300 1815 527 1858 secundum
543 1812 713 1854 verbum
731 1814 822 1864 Dei,
840 1814 895 1855 sie
912 1814 1050 1868 ipsum
1068 1814 1196 1855 adoro
1219 1815 1284 1855 &c.
1317 1811 1482 1853 Confer.
1511 1813 1540 1854 &
1555 1825 1651 1867 pay.
1677 1812 1745 1852 88.
1779 1810 1860 1852 Sed
1877 1826 1926 1852 ex
1945 1811 2242 1853 recentissimis

301 1875 519 1916 audiamus
553 1871 854 1913 Wendelinum
886 1872 944 1913 lib
975 1874 1009 1913 l.
1037 1887 1070 1913 0.
1109 1872 1172 1913 16.
1213 1870 1368 1920 Citleus,
1392 1870 1543 1926 inquit,
1561 1871 1818 1912 adorationis
1841 1870 1998 1912 Christo
2016 1870 2242 1912 secundum

301 1942 524 1988 utramque
545 1938 746 1972 naturam
764 1931 974 1973 debemur.
1014 1932 1078 1972 1ίο
1111 1938 1251 1974 tamen
1274 1938 1316 1972 13
1338 1930 1476 1971 eadem
1497 1930 1660 1982 utrique
1676 1937 1852 1971 3013100
1869 1942 1956 1970 rich
1974 1929 2240 1970 tribuantur:

301 1993 380 2035 Sed
411 1992 555 2034 divina
587 1989 763 2040 divinae,
798 1991 988 2032 humana
1020 1990 1232 2031 humanae
1249 2007 1256 2028 ι
1294 1989 1503 2031 Personae
1535 1996 1670 2029 tamen
1689 1988 1815 2030 simui
1837 1988 1993 2029 omnia.
2030 1986 2240 2030 Chrisbiim

302 2053 428 2106 ῖςχὶίιιν
444 2064 538 2092 cum
558 2049 811 2100 3100001333,
827 2062 965 2103 preces
982 2056 1146 2090 nostras
1163 2048 1244 2102 ipsi
1264 2048 1383 2089 eliam
1404 2047 1631 2089 30033οΙ313
1648 2047 1878 2087 humanam
1894 2049 2104 2097 naturam,
2123 2054 2241 2088 notas

301 2125 384 2152 esse
400 2109 662 2166 confidimus,
681 2108 751 2148 sed
766 2121 816 2149 ex
837 2108 1079 2150 revelatione
1095 2108 1260 2148 divinae
1277 2114 1477 2148 naturae:
1495 2106 1798 2147 excaecationem
1815 2105 1864 2146 ab
1883 2105 2072 2147 humana
2084 2119 2243 2162 quoque

304 2177 457 2211 initura
474 2167 591 2209 uobis
605 2167 794 2220 promitti
799 2180 903 2215 11133,
922 2174 1104 2221 respectu
1123 2166 1221 2220 lytri
1236 2179 1313 2220 pro
1334 2165 1448 2206 'nobis
1463 2165 1675 2219 persoluti,
1698 2163 1738 2205 a·
1755 2164 2060 2220 efficacissimae
2072 2178 2150 2218 pro
2168 2178 2240 2205 30-

302 2229 362 2270 bis
380 2225 689 2275 intercessionis,
709 2239 780 2267 nee
800 2239 885 2268 *non
897 2226 1206 2280 promtissimae
1222 2225 1267 2265 ‘iii
1283 2224 1486 2278 juvandis
1507 2223 1623 2266 nobis
1638 2223 1885 2265 voluntatis:
1903 2223 2063 2278 reliqua
2079 2223 2244 2264 divinae

302 2295 477 2328 necturae
493 2284 728 2339 deserimus.
766 2285 935 2326 Interim
953 2292 997 2326 ‘ut
1010 2284 1210 2338 objectum
1228 2282 1499 2333 adorationis,
1515 2289 1607 2336 post
1621 2282 1964 2332 incarnacionem,
1987 2294 2074 2323 non
2095 2289 2151 2322 est
2168 2295 2241 2323 hci-

303 2354 398 2387 ιιινα
416 2359 516 2395 una,
536 2344 596 2384 vel
611 2343 738 2384 altera
755 2344 926 2384 seorsim
942 2343 1214 2393 considerata,
1232 2341 1302 2383 sed
1316 2354 1510 2395 persona,
1538 2341 1764 2385 seeundum
1783 2347 2002 2396 utramque
2017 2348 2217 2382 naturam
2229 2356 2241 2380 :

304 2405 359 2446 ilci
391 2404 578 2446 adoratio
601 2414 764 2456 quoque
795 2402 851 2444 cici
866 2415 1089 2456 personam
1101 2416 1115 2450 ;
1136 2414 1231 2442 cum
1249 2408 1430 2454 respectu
1447 2400 1502 2441 ad
1518 2407 1740 2454 utramque
1755 2406 1969 2450 naturam,
1988 2399 2138 2440 directa
2155 2412 2241 2439 hon

302 2471 356 2506 est
374 2463 457 2504 nisi
469 2475 568 2503 una.
603 2458 777 2501 Rivetus
794 2461 838 2501 in
855 2460 1062 2501 animadv.
1083 2460 1135 2500 ad
1152 2458 1288 2500 Grotii
1306 2461 1426 2499 notas
1445 2458 1496 2498 ad
1513 2457 1735 2499 Cassandri
1753 2458 1974 2499 consultat.
1993 2472 2035 2510 p.
2055 2457 2122 2498 92.
2143 2471 2240 2497 con-

303 2522 411 2562 cedit
432 2519 750 2562 submissionem
767 2519 807 2561 a·
824 2520 1045 2573 propriam
1063 2518 1348 2560 adorationem
1370 2516 1503 2558 deberi
1524 2517 1675 2558 Christi
1695 2516 1870 2570 corpori,
1903 2515 2014 2571 quod
2028 2529 2141 2557 331ιο
2156 2529 2239 2556 ‹ho—

305 2580 364 2621 {u's
401 2587 454 2620 est
483 2577 614 2623 νῦητὲν
644 2576 684 2617 ἃ·
701 2579 788 2619 3013
806 2586 937 2619 mente
951 2577 1277 2631 percipiendum.
1312 2575 1409 2616 Non
1428 2578 1490 2616 est
1507 2575 1621 2630 Ergo
1639 2575 1707 2615 hic
1725 2574 1949 2627 multiplex
1971 2574 2239 2627 concipienda

304 2638 502 2691 religiosa
534 2636 720 2677 adoratio
756 2637 792 2676 1.
817 2636 974 2677 Christi
1006 2635 1099 2677 Dei.
1133 2636 1170 2676 2.
1205 2634 1363 2675 Christi
1400 2633 1479 2674 Dei
1502 2636 1585 2688 (1113
1604 2633 1685 2674 Dei
1703 2634 1740 2674 3.
1761 2632 1918 2674 Christi
1930 2633 2194 2679 &exvepm-ou
2210 2633 2239 2674 &

306 2695 557 2737 mediatoris.
592 2695 629 2733 4.
666 2693 821 2740 Christi
860 2694 1113 2744 mediatoris,
1147 2708 1229 2747 qua
1266 2692 1521 2733 mediatoris.
1542 2694 1581 2733 5.
1601 2691 1758 2733 Christi
1777 2691 1895 2746 [pag.
1918 2690 2023 2745 334]
2043 2690 2238 2732 hominis.

306 2756 344 2795 ὕ.
363 2753 519 2795 Christi
536 2752 730 2803 hominis,
749 2767 831 2807 qua
849 2753 1044 2794 hominis.
1080 2751 1161 2793 Sed
1178 2751 1334 2793 sufficit
1351 2766 1476 2792 unam
1494 2751 1733 2805 intelligere
1765 2749 2052 2790 adorationem
2069 2749 2121 2790 ad
2141 2763 2239 2803 per-

307 2827 464 2864 sonam,
501 2825 593 2852 cum
627 2811 782 2864 duplici
814 2825 860 2852 ac
883 2811 1078 2853 distincto
1103 2813 1294 2866 respectu
1323 2810 1373 2851 ad
1392 2810 1494 2851 duas
1522 2812 1717 2857 naturas;
1737 2821 1912 2861 eamque
1929 2806 2058 2849 solius
2075 2807 2238 2848 divinae

2168 2879 2241 2906 na-
