2399 3084
579 77 1643 123 D1sr.XII.D1·2LsG1÷:E'rEUANcEnio.
1998 73 2079 114 345

143 205 351 248 Videntur
369 206 448 247 duo
468 205 693 260 postulare,
712 206 759 245 ut
776 204 817 245 in
835 203 954 244 libris
967 201 1025 251 V.
1040 202 1090 244 T.
1106 202 1210 243 talia
1227 203 1472 256 praecepta;
1492 200 1521 242 81
1539 199 1706 253 quidem
1720 199 1887 249 directe,
1902 198 2079 247 exserte,

143 265 172 307 ἃ
190 264 233 306 in
250 264 385 305 forma
397 264 611 318 proposita
629 263 892 318 designetur:
912 261 999 302 fere
1023 263 1069 302 ut
1088 260 1408 314 Anabaptistac,
1423 259 1491 313 qui
1512 258 1726 312 postulant
1745 260 1767 298 a
1784 256 1907 299 nobis
1919 256 2082 298 ostendi

144 323 263 364 illam
295 323 626 364 enuntiationem
668 321 960 376 imperativam
978 335 986 361 :
1022 320 1203 374 Bapliza
1235 321 1308 359 aut
1340 319 1544 373 baptizate
1563 317 1754 371 infames.
1776 315 1856 357 Sed
1878 315 1958 356 hoc
1974 313 2081 355 nihil

143 396 261 436 opus.
296 380 473 423 Perinde
506 381 615 422 enim
636 383 711 428 est,
731 380 817 421 sive
836 394 886 420 ex
903 378 955 420 V.
982 378 1067 419 sive
1091 393 1140 419 ex
1159 376 1212 418 N.
1230 376 1278 417 T.
1299 377 1398 430 quid
1415 376 1627 431 probetur.
1662 374 1719 415 Et
1741 374 1776 415 si
1794 374 1936 428 aliqua
1953 373 2082 415 alter-

143 440 278 482 utrius
312 454 412 494 prae
446 439 579 481 altera
612 442 721 480 esset
757 437 939 489 ὸπεροχὴ,
969 437 1043 478 illa
1060 436 1286 478 secundum
1309 434 1506 477 Socianos
1525 447 1751 487 eorumque
1769 433 1948 474 asseclas
1970 446 2083 473 com-

146 501 310 553 peteret
341 498 461 539 libris
494 497 548 540 N.
573 497 622 539 T.
655 497 816 538 Deinde
849 510 930 536 non
969 498 1031 536 est
1062 509 1229 536 necesse
1252 497 1299 535 ut
1316 494 1490 544 exserte,
1510 492 1676 541 directe,
1702 493 1731 533 81
1747 491 1922 533 totidem
1945 490 2083 532 verbis

146 557 321 599 assertio
338 556 576 611 theologica
598 556 641 597 in
658 555 711 597 V.
735 557 808 596 aut
827 553 882 595 N.
902 553 951 595 T.
970 553 1248 595 contineatur.
1281 551 1448 594 Sufficit
1467 550 1608 593 solidis
1632 549 1892 605 argumentis
1909 549 2083 604 scriptu-

144 615 266 657 rariis
300 630 392 657 eam
419 615 602 670 probari.
634 613 723 656 Nos
756 614 835 655 1100
867 615 1115 668 argumento
1153 611 1401 666 probamus:
1436 609 1718 663 Quodcunque
1753 611 1776 649 a
1807 608 1896 649 Deo
1927 608 2084 649 revela-

144 675 236 715 tum
260 677 335 725 est,
355 674 384 716 81
402 673 571 728 quidem
588 676 789 727 tanquam
805 671 1086 713 necessarium
1104 671 1155 712 ad
1172 670 1365 720 salutem,
1383 669 1461 710 hoc
1478 670 1540 709 est
1557 667 1790 709 necessario
1807 666 2057 708 credendum
2073 681 2082 714 ς

145 732 245 787 quia
266 732 381 774 Deus
400 735 463 774 est
480 732 616 786 prima
633 731 802 773 veritas.
821 729 903 771 Sed
919 729 1146 784 Euangelii
1164 728 1460 783 promissiones
1478 729 1575 768 sunt
1593 725 1669 767 sub
1687 724 1740 766 V.
1765 724 1813 767 T.
1832 725 1987 779 populo
2005 724 2085 766 Dei

146 791 357 833 revelatae
388 794 591 845 tanquam
614 790 665 831 ad
684 790 864 831 salutem
886 789 1044 830 creditu
1063 787 1334 829 necessariae.
1369 786 1496 841 Ergo.
1531 784 1669 826 Minor
1686 786 1865 837 quatuor
1882 783 2085 824 classibus

147 852 488 902 argumentorum
507 850 684 903 probata
705 847 799 890 fuit.

201 907 256 949 ΙΙ.
293 909 454 961 Quaen.
488 908 553 950 An
570 906 740 945 ἐπιείκεια
757 919 829 948 scu
845 906 1040 962 aequitas,
1059 913 1132 947 cml
1146 906 1284 960 pocius
1293 904 1461 958 justicia
1476 902 1707 957 Eusanqelii,
1731 914 1835 958 quae
1854 901 1933 943 illic
1946 901 2084 956 patefit

143 966 368 1023 &offertur
378 966 483 1007 Rom
517 967 553 1007 1.
572 981 611 1007 v.
634 966 697 1006 16.
721 966 785 1006 17.
807 966 917 1007 collat
932 971 1146 1018 praecepta
1160 964 1274 1019 Leqz's
1291 963 1372 1004 sive
1390 963 1434 1003 in
1451 969 1592 1011 coliem,
1610 961 1692 1001 sive
1706 961 1752 1001 in
1771 967 1949 1001 lantum:
1968 959 2025 1001 ita
2040 966 2083 1000 ιι(

143 1025 195 1067 iis
226 1039 312 1068 non
343 1026 585 1080 οὒίἱῃθηιιιν,
617 1025 690 1081 qui
713 1024 895 1079 yrcm'mm
914 1023 1130 1077 Enanyelii
1146 1024 1226 1080 fide
1242 1022 1558 1076 amplectuntur,
1576 1020 1701 1075 eaque
1721 1019 1944 1073 fhwmtur.
1966 1019 2082 1072 Hesp.

146 1084 240 1139 Ney.
275 1083 383 1133 Quia
419 1086 585 1125 tantum
617 1083 730 1125 tollit
747 1083 775 1124 81
793 1082 961 1137 quidem
979 1081 1273 1122 universaliter
1290 1083 1415 1134 atque
1437 1080 1480 1120 in
1503 1081 1639 1119 totum
1661 1079 1896 1131 respectum
1914 1076 2035 1117 illum
2053 1075 2082 1116 &

144 1143 264 1196 quasi
280 1142 456 1184 formale
472 1142 579 1183 illud
595 1141 720 1196 Legis
736 1144 836 1182 tunc
853 1140 1103 1195 propositae,
1118 1141 1240 1194 juxta
1258 1139 1516 1180 sanctionem
1534 1139 1684 1178 veterzs
1706 1135 1899 1177 foederis.
1919 1135 2004 1177 Hoc
2019 1135 2085 1190 fac

145 1200 184 1243 ἃ·
215 1202 336 1251 vives,
374 1200 546 1242 Levitic.
582 1201 646 1242 18.
673 1215 711 1241 v.
730 1200 768 1241 4.
788 1214 882 1241 cum
903 1200 1035 1242 Galat.
1056 1200 1094 1239 3.
1113 1199 1191 1240 hoc
1209 1200 1272 1239 est
1284 1199 1354 1252 jus
1371 1197 1482 1237 vitae
1501 1196 1672 1250 ejusque
1689 1194 1995 1248 possessionem
2014 1207 2082 1234 ac-

144 1259 297 1313 quires,
316 1260 346 1302 81
361 1261 662 1314 consequenter
677 1258 757 1300 hac
779 1259 867 1300 sola
883 1257 1117 1299 conditione
1135 1257 1303 1311 plenam
1320 1270 1367 1297 ac
1384 1255 1716 1296 consummatam
1727 1252 1973 1294 fruitionem
1988 1265 2085 1293 con-

144 1319 352 1372 sequeris:
386 1319 416 1360 81
447 1317 482 1359 si
519 1333 602 1359 0011
623 1317 785 1364 feceris,
804 1316 885 1358 eris
896 1316 1157 1367 maledictus,
1178 1316 1293 1357 Deae.
1316 1313 1383 1357 27.
1403 1327 1440 1355 v.
1462 1314 1531 1355 ult.
1551 1326 1644 1354 cum
1666 1308 1799 1354 Galat.
1819 1312 1856 1351 3.
1876 1309 2086 1352 Probatur

146 1379 290 1418 nostra
308 1376 614 1425 determinatiO,
635 1391 685 1417 ex
703 1377 817 1418 Rom.
838 1376 878 1416 3.
895 1389 932 1416 υ.
951 1375 1019 1415 31.

205 1437 430 1478 Consectar.
462 1434 560 1476 Non
593 1434 694 1476 satis
727 1433 893 1488 proprie
916 1434 946 1476 81
965 1434 1156 1474 accurate
1173 1432 1406 1486 explicatur
1422 1431 1529 1471 haec
1546 1430 1750 1471 relaxatio
1770 1428 1799 1471 81
1820 1426 2086 1482 indulgentia

144 1493 283 1535 divina
311 1494 419 1536 circa
436 1493 696 1535 exactionem
712 1492 819 1548 legis
836 1494 1007 1546 propter
1030 1491 1246 1533 Christum
1263 1490 1549 1539 mediatorem,
1567 1488 1724 1530 tabulis
1741 1486 1967 1541 Euangelii
1990 1499 2086 1540 pro·

143 1553 335 1608 mulgata
368 1554 398 1595 81
429 1552 693 1593 credentibus
716 1551 909 1592 omnibus
932 1551 1074 1591 oblata
1091 1551 1121 1593 81
1137 1551 1312 1599 collata·⁷
1332 1549 1497 1603 quando
1516 1547 1667 1588 dicitur
1683 1561 1778 1588 cum
1795 1545 2083 1587 moderatione

144 1611 286 1665 aliqua
303 1613 333 1654 81
353 1610 620 1665 mitigatione
638 1609 897 1664 Euangelica
915 1608 1038 1664 Legis
1056 1608 1340 1650 obedientiam
1355 1622 1465 1648 nunc
1484 1606 1658 1660 proponi
1676 1620 1723 1647 ac
1740 1603 1946 1659 postulari
1962 1618 1969 1644 :
1991 1617 2084 1644 cum

144 1670 284 1723 potius
320 1670 538 1711 dicendum
572 1669 639 1718 sit,
667 1683 760 1720 eam
775 1668 818 1708 in
836 1670 973 1708 totum
994 1671 1020 1706 81
1036 1667 1239 1717 totaliter,
1258 1666 1367 1720 quod
1385 1666 1436 1706 ad
1457 1665 1579 1706 illum
1596 1666 1845 1718 respectum,
1862 1662 1968 1703 illud
1985 1675 2084 1702 0011-

144 1743 298 1769 nexum
316 1727 606 1778 conditionale,
629 1727 750 1768 illum
768 1726 894 1766 finem
912 1727 941 1768 81
957 1740 1093 1776 usum,
1112 1726 1141 1767 81
1159 1726 1235 1766 sub
1252 1725 1326 1766 illo
1344 1724 1463 1778 quasi
1479 1723 1661 1772 formali,
1681 1722 1907 1764 secundum
1924 1720 2085 1761 formu-

144 1787 230 1828 lam
262 1787 415 1828 veteris
451 1786 644 1837 foederis,
676 1800 750 1839 per
780 1785 810 1826 81
832 1786 1002 1838 propter
1019 1783 1231 1825 Christum
1251 1783 1462 1825 sublatam
1480 1796 1591 1830 esse;
1610 1783 1657 1821 ut
1678 1794 1801 1822 nemo
1817 1779 2017 1827 fidelium,
2038 1780 2087 1819 ea

145 1845 326 1900 amplius
359 1845 593 1900 obligetur:
627 1858 710 1884 non
741 1857 838 1884 vero
854 1845 1145 1896 temperatam,
1165 1844 1238 1883 aut
1254 1841 1544 1883 imminutam:
1564 1839 1626 1881 uti
1643 1838 1883 1893 colligimus
1902 1852 1952 1879 ex
1971 1838 2086 1879 Rom.

148 1905 187 1945 6.
221 1918 258 1946 v.
296 1904 362 1944 14.
396 1918 490 1945 cum
528 1904 642 1946 Rom.
679 1903 716 1943 8.
735 1916 771 1943 v.
792 1902 831 1943 3.
850 1902 888 1942 4.
924 1901 1091 1951 Contra,
1109 1916 1191 1941 non
1210 1903 1273 1942 est
1292 1899 1512 1941 dicendum
1533 1899 1668 1939 ullum
1689 1898 2085 1951 temperamentum,

145 1963 278 2004 ullam
309 1961 653 2012 moderationem,
687 1960 818 2001 ullam
851 1960 916 2001 vel
941 1959 1158 2000 minimam
1175 1959 1282 2014 legis
1300 1957 1590 2008 mutationem,
1609 1958 1681 1997 aut
1697 1955 1992 2002 irritationem,
2016 1956 2088 1995 aut

146 2021 468 2071 revocationem,
507 2022 580 2061 aut
614 2019 965 2068 imminutionem,
999 2020 1072 2059 aut
1105 2017 1472 2072 dispensationem,
1507 2017 1580 2056 aut
1601 2014 1886 2064 abolitionem,
1904 2013 2088 2054 ullamve

146 2080 258 2134 quod
283 2080 334 2121 ad
351 2079 570 2121 materiale
592 2078 768 2132 alicujus
785 2077 1012 2131 praecepti,
1030 2078 1236 2130 quatenus
1259 2077 1311 2117 ad
1332 2074 1632 2117 convictionem
1650 2073 1699 2114 de
1721 2074 1890 2127 peccato
1907 2072 1937 2113 81
1955 2071 2008 2112 ad
2025 2070 2087 2112 di-

146 2138 375 2180 rectionem
388 2136 659 2193 gratitudinis
676 2138 843 2177 nostrae
862 2150 962 2190 erga
979 2135 1117 2176 Deum
1134 2134 1362 2185 ordinatur,
1380 2133 1620 2174 libertatem
1638 2134 1711 2172 aut
1723 2130 2002 2172 exemtionem
2014 2143 2089 2183 per

147 2196 432 2252 Euangelium
464 2196 638 2237 allatam
657 2209 757 2236 esse.
780 2195 897 2250 [pag.
918 2194 993 2249 23]
1014 2193 1200 2234 Breviter
1217 2193 1351 2234 fidelis
1369 2207 1450 2233 non
1469 2193 1566 2232 sunt
1583 2190 1660 2232 sub
1679 2190 1785 2245 lege,
1803 2203 1879 2230 nec
1894 2191 2091 2230 tenentur

149 2255 201 2296 ad
238 2255 326 2309 ejus
357 2254 705 2303 observationem,
720 2253 797 2294 sub
818 2252 951 2294 forma
969 2252 1096 2293 medii
1114 2253 1143 2294 81
1165 2250 1412 2293 conditionis
1432 2249 1673 2303 acquirendi
1690 2263 1765 2302 per
1784 2262 1878 2289 eam
1891 2247 1959 2301 jus
1977 2246 2087 2288 vitae

150 2316 364 2355 aeternae:
397 2313 469 2354 sed
498 2314 695 2353 tenentur
726 2312 778 2352 ad
811 2312 899 2365 ejus
917 2310 1252 2352 observationem
1270 2310 1347 2350 sub
1365 2309 1501 2350 somna
1517 2306 1802 2362 gratitudinis,
1821 2305 1962 2355 medii,
1980 2305 2086 2354 viae,

148 2371 398 2414 conditionis
426 2370 606 2412 adeundi
637 2371 666 2412 81
683 2372 779 2411 actu
795 2369 985 2423 capiendi
1003 2369 1134 2409 vitam
1151 2371 1378 2419 aeternam,
1402 2369 1533 2420 eaque
1550 2365 1730 2415 fruendi,
1750 2378 1878 2419 quam
1895 2363 2088 2406 Christus

148 2430 336 2485 perfecta
352 2428 591 2471 obedientia
608 2429 637 2471 81
654 2428 876 2469 sanctitate
893 2428 1013 2469 nobis
1030 2427 1274 2481 promeruit.
1297 2427 1431 2480 Opera
1447 2425 1557 2466 enim
1576 2432 1718 2466 nostra
1734 2436 1820 2465 non
1835 2422 2090 2477 praecedunt

140 2488 475 2545 justificandum,
512 2487 582 2528 sed
616 2494 849 2542 sequuntur
873 2487 1176 2542 justificatum;
1207 2485 1269 2526 uti
1300 2485 1429 2526 habet
1464 2483 1760 2538 pervulgatum
1792 2481 1898 2522 illud
1933 2481 2090 2522 dictum

149 2546 396 2602 Augustini.
428 2546 510 2587 Hic
541 2544 721 2587 conferri
754 2547 928 2598 possunt
960 2545 1095 2598 dispp.
1129 2545 1366 2585 nostrorum
1399 2543 1447 2583 de
1478 2540 1788 2583 Justificatione
1815 2540 1845 2582 81
1868 2540 1918 2580 de
1929 2538 2091 2580 meritis

154 2619 341 2660 operum.

213 2665 439 2707 Consectar.
461 2667 498 2704 2.
531 2661 709 2716 Propter
726 2660 976 2702 Antinomos
993 2659 1118 2715 Legis
1135 2675 1256 2702 usum
1274 2660 1469 2702 tollentes
1485 2675 1494 2709 3
1514 2660 1543 2701 81
1562 2657 1815 2707 pontificios,
1833 2655 2091 2703 Socinianos.

152 2736 377 2776 eorumque
409 2721 588 2763 asseclas
619 2719 776 2775 Legem
809 2733 903 2761 cum
932 2719 1168 2773 Euangelio
1185 2718 1499 2765 confundentes,
1516 2717 1676 2760 &illam
1694 2715 1766 2757 isti
1783 2716 1871 2757 sive
1892 2715 1936 2756 in
1952 2717 2090 2755 totum

152 2780 240 2822 sive
271 2795 320 2822 ex
352 2782 470 2834 parte
498 2778 814 2830 substituentes,
850 2779 1041 2819 accurate
1073 2777 1176 2819 haec
1193 2776 1404 2820 distinctio
1423 2775 1694 2826 observanda,
1714 2774 1802 2817 &in
1826 2773 2017 2815 terminis
2035 2773 2093 2813 10-

1961 2845 2092 2886 quen-
