2399 3084
939 110 1292 153 Pninmmo.
2046 132 2084 158 xl

2001 206 2046 238 Pa
2074 229 2082 236 .

185 240 283 276 2-4,
317 239 374 276 De
398 240 502 284 Lege
527 240 567 275 et
589 238 812 281 Euangelio.
837 239 865 274 Ι.
889 239 936 274 Π,
962 239 1018 273 III
1027 261 1857 274 ......................................
1887 241 1939 285 17,
1964 242 2019 286 30,
2066 244 2086 278 7

185 285 283 320 5-6.
318 285 376 320 De
399 284 497 319 Foro
522 283 605 319 Poli
629 284 669 318 et
691 282 781 331 Soli.
808 283 835 318 Ι.
866 283 903 317 ΙΙ
906 305 1915 318 ..............................................
1965 286 2019 330 62,
2043 287 2087 324 75

186 328 284 364 7-8.
318 329 375 364 De
398 327 556 363 Judiciis
580 327 659 362 Dei.
683 327 711 362 Ι.
742 327 779 362 11
788 350 1894 362 ..................................................
1944 330 1998 374 91,
2024 331 2087 366 102

251 373 283 408 9.
318 373 375 408 De
398 372 612 407 Dilectione
636 371 808 406 Proximi
825 394 1970 407 ....................................................
2024 375 2088 411 113

144 416 284 453 10—13.
319 417 380 495 De[
399 415 589 495 Efrvemplo
613 415 733 459 Bono,
759 415 1008 458 eiusdemque
1029 415 1263 458 Imitatione,
1289 416 1328 451 et
1352 415 1535 460 Opposito
1561 415 1792 496 800110111ἰ)24
1826 461 1890 496 132
1925 462 1987 497 141
2025 463 2042 498 1

144 504 285 540 14-15.
320 504 376 540 De
401 503 544 539 Officiis
568 503 776 539 Charitatis
801 513 895 547 erga
918 503 1142 547 proximum
1165 504 1392 546 peccantem
1418 504 1444 539 I.
1469 504 1505 539 II
1508 527 1780 539 .............
1794 489 1872 537 ’....
1893 490 1900 505 ’
1925 490 2000 549 1572
2024 507 2087 543 167

144 549 284 584 16-17.
319 549 375 584 De
400 547 522 583 Caeca
546 547 771 584 obedientia
795 547 1050 591 Papistarum.
1074 547 1102 582 I.
1126 547 1163 581 Π
1171 571 1645 581 ......................
1660 559 1667 567 ·
1685 572 1870 582 .........
1923 549 1997 593 182,
2024 552 2088 587 194

232 593 284 628 18.
320 593 376 628 De
399 592 630 635 Magistratu
658 591 816 627 Politice
827 614 1971 626 ....................................................
2021 595 2088 631 206

233 637 284 672 19.
319 637 376 671 De
399 636 492 671 Jure
514 636 636 679 Regio
660 636 958 685 Hebraeorum„
959 659 1970 670 ..............................................
2022 640 2086 675 211

230 681 285 716 20.
319 681 543 724 Disqujsitio
568 681 614 715 de
639 680 788 715 Autore
812 680 1075 715 Vindifflarum
1100 681 1235 715 contra
1259 679 1462 724 Tyrannos
1471 704 1970 715 .......................
2022 684 2086 719 231

231 725 286 760 21.
320 724 377 760 De
402 724 618 760 Homicidio
647 725 687 758 et
713 724 900 759 Laesione
924 724 984 759 sui
1007 724 1137 767 ipsius,
1181 733 1253 759 nec
1278 733 1357 759 non
1381 724 1606 768 Spontanea
1628 725 1970 769 Flagellatione...
2022 727 2088 763 244

322 769 350 803 1.
385 768 591 812 Appendix
616 768 665 803 ad
703 767 950 803 Problemata
961 791 1972 803 ..............................................
2022 771 2089 808 270

320 813 352 847 2.
387 812 593 855 Appendix
617 812 663 846 de
687 812 862 855 propriae
885 812 1004 846 Navis
1028 812 1210 847 Incendio
1214 836 1843 846 .............................
1875 814 1998 858 (2562),
2023 815 2086 851 281

230 856 285 892 22.
320 856 377 892 De
400 856 526 898 Peste,
552 864 622 890 seu
646 855 772 890 Pestis
797 855 986 890 Antidoto
1021 855 1217 899 Spirituali
1226 879 1969 891 ..................................
2022 860 2088 895 292

231 901 285 936 23.
322 900 377 934 De
399 899 565 934 Eoeoelcz's
588 899 734 942 Mundi,
763 899 810 934 ad
835 899 907 934 VH
929 899 1113 942 Decalogi
1135 900 1402 943 Praeceptum,
1416 901 1540 944 prima
1554 911 1651 945 quae
1666 903 1726 937 est
1745 902 1791 938 de
1809 901 1976 946 Choreis,
2022 903 2088 939 325

231 944 286 979 24.
321 943 505 978 Eiusdem
531 943 623 986 disp.
649 943 819 977 secunda
843 943 889 977 de
913 942 1128 977 Comoediis
1138 966 1970 979 ......................................
2021 947 2088 983 356

231 989 286 1023 25.
320 987 502 1022 Eiusdem
531 996 622 1030 pars
652 986 775 1021 altera
784 1010 1972 1022 ......................................................
2022 991 2088 1027 367

230 1032 284 1067 26.
320 1031 503 1066 Eiusdem
528 1031 621 1074 disp.
645 1031 770 1073 tertia,
796 1040 894 1073 quae
919 1031 980 1065 est
1004 1030 1049 1065 de
1073 1030 1270 1066 Abusibus
1293 1032 1332 1066 in
1358 1032 1472 1067 Victu
1497 1034 1536 1067 et
1561 1032 1752 1069 Conviviis
1762 1058 1971 1066 ..........
2021 1035 2087 1071 385

229 1076 283 1112 27.
321 1075 504 1110 Eiusdem
529 1075 622 1118 disp.
648 1075 794 1117 quarta,
821 1083 918 1117 quae
943 1075 1004 1109 est
1028 1074 1074 1109 de
1098 1075 1212 1109 Luxu
1236 1076 1276 1110 et
1298 1075 1484 1111 Vanitate
1508 1077 1547 1111 in
1572 1075 1766 1122 Vestibus,
1788 1078 1976 1114 Domibus

364 1120 404 1154 et
438 1118 709 1162 Suppellectile
719 1142 1971 1155 .........................................................
2021 1123 2088 1159 403

229 1164 283 1199 28.
317 1163 501 1198 Eiusdem
531 1172 620 1206 pars
652 1163 843 1206 posterior
851 1185 1970 1199 ...................................................
2022 1167 2087 1204 417

229 1209 284 1243 29.
317 1207 501 1243 Eiusdem
525 1207 617 1250 disp.
643 1207 787 1250 quinta,
812 1216 911 1249 quae
936 1207 996 1242 est
1020 1206 1066 1242 de
1091 1206 1240 1242 Ornatu
1262 1207 1388 1243 Faciei
1412 1209 1452 1244 et
1477 1207 1710 1252 Capillorum
1719 1233 1971 1243 ............
2021 1211 2088 1249 439

148 1252 289 1288 30-31,
324 1251 507 1287 Eiusdem
530 1260 620 1294 pars
644 1251 691 1294 Π,
726 1251 782 1285 ΠΙ
791 1274 1871 1286 .................................................
1922 1254 1998 1298 444,
2022 1254 2088 1291 453

318 1295 523 1339 Appendix
560 1295 608 1330 ad
630 1294 795 1330 Excelsa
819 1295 949 1329 Mundi
957 1318 1188 1327 ...........
1204 1305 1211 1313 ·
1227 1319 1724 1330 .......................
1738 1308 1746 1316 ·
1759 1322 1970 1331 ..........
2021 1299 2088 1335 462

229 1341 282 1376 32.
317 1340 374 1375 De
398 1339 593 1374 Ebrietate
604 1361 1970 1375 ..............................................................
2022 1343 2088 1379 493

317 1384 375 1419 De
398 1383 637 1419 Sanitatibus
661 1392 730 1418 seu
754 1382 906 1418 Poculis
931 1383 1022 1418 boni
1052 1384 1192 1419 ominis
1202 1407 1970 1419 ...................................
2021 1388 2088 1423 500

316 1428 522 1471 Appendix
545 1427 593 1462 ad
617 1427 710 1471 disp.
746 1427 791 1462 de
815 1427 1011 1462 Ebrietate
1020 1450 1962 1463 ...........................................
2017 1431 2084 1467 503

141 1472 283 1508 33-36.
317 1472 374 1507 De
398 1471 580 1514 Simonia,
615 1481 704 1514 pars
732 1471 855 1521 I—IV·
859 1495 953 1504 .....
957 1515 964 1521 .
970 1495 1667 1506 ................................
1717 1475 1794 1518 515,
1815 1474 1892 1519 523,
1914 1474 1990 1517 533,
2014 1475 2080 1511 540

317 1515 523 1559 Appendix
547 1515 595 1550 ad
619 1515 712 1558 disp.
748 1515 794 1550 de
818 1515 991 1550 Snnoma
999 1539 1964 1551 ............................................
2014 1520 2079 1555 551

141 1560 283 1596 37—38.
322 1560 379 1595 De
403 1559 551 1603 Usuris,
583 1559 610 1594 I.
634 1559 670 1594 V
678 1583 1866 1596 .....................................................
1916 1563 1992 1605 555,
2016 1563 2083 1599 567

316 1605 373 1640 De
404 1603 614 1647 Trapezitis
624 1626 1967 1640 ............................................................
2017 1607 2085 1643 575

228 1649 282 1684 39.
316 1649 373 1684 De
396 1647 805 1692 Pseudographemate
831 1647 1015 1683 Usurario
1026 1671 1967 1684 ...........................................
2019 1652 2086 1687 590

229 1693 283 1728 40.
315 1693 372 1729 De
394 1692 657 1728 Restitutione
668 1715 1968 1728 ...........................................................
2019 1695 2086 1731 608

317 1736 523 1780 Appendix
545 1735 692 1779 aliquot
715 1736 995 1780 Quaestionum
1022 1736 1253 1780 Specialium
1256 1761 1968 1772 .................................
2019 1739 2086 1775 616

228 1780 283 1817 41.
318 1780 478 1823 Aliquot
500 1780 748 1815 Problemata
772 1780 821 1815 ad
843 1779 910 1815 IX.
935 1780 1118 1824 Decalogi
1138 1782 1399 1826 praeceptum,
1425 1783 1471 1818 de
1495 1783 1703 1827 Mendacio,
1717 1782 1973 1819 simulatione

363 1825 404 1859 et
427 1823 745 1866 dissimulatione,
770 1833 859 1866 pars
890 1825 1014 1867 prima
1024 1847 1967 1860 .........................................
2019 1828 2083 1863 631

229 1868 283 1904 42.
318 1868 501 1903 Eiusdem
524 1876 614 1910 pars
636 1868 816 1910 secunda,
842 1868 889 1903 de
912 1868 1019 1911 Dolo,
1051 1869 1391 1914 Aequivocatione‚
1417 1870 1578 1906 mentali
1602 1871 1862 1907 Restrictione
1872 1895 1969 1903 .....
2019 1872 2087 1907 640

318 1911 524 1955 Appendix
547 1910 737 1946 Affinium
762 1912 1004 1954 quarundam
1033 1913 1307 1955 quaestionum
1316 1936 1970 1947 ..............................
2019 1916 2086 1951 653

229 1955 283 1992 43.
317 1955 502 1991 Eiusdem
524 1964 614 1998 pars
637 1955 764 1998 tertia,
786 1955 831 1990 de
859 1955 972 1990 Falso
982 1979 1970 1991 .............................................
2020 1959 2084 1995 661

229 1999 282 2035 44.
313 1999 497 2049 Eiusdem
519 1999 640 2049 partis
664 1999 815 2042 tertiae,
845 1999 890 2049 cle
915 1999 1039 2042 Falso,
1074 1999 1201 2036 Sectio
1228 2000 1351 2036 altera
1360 2025 1968 2036 ............................
2020 2004 2083 2039 681

145 2087 286 2122 45-46.
317 2042 995 2138 ὒξΡὲᾗὲᾊξ111155...ἓὲῗέᾱὲἕὲᾞὲ
1004 2066 1523 2132 '6513513153‘filista-{1355‘a
1539 2070 1723 2141 jesana.
1731 2071 1790 2124 ......
1791 2072 1837 2142 ‘-'.
1842 2071 1924 2123 ······
1923 2070 1947 2126 7·
1944 2071 1998 2135 0'2,
2019 2047 2087 2126 iii}

233 2131 287 2166 47.
322 2131 546 2175 Dlsqu1tio
582 2131 631 2166 ad
664 2130 837 2166 Thomae
873 2131 902 2165 l.
930 2131 961 2166 2.
987 2132 1135 2175 quaest.
1158 2132 1211 2175 68,
1235 2133 1289 2176 69,
1314 2133 1358 2168 70
1381 2134 1427 2169 (10
1449 2134 1580 2177 Doms,
1604 2135 1913 2171 Beatltudmibus
1937 2136 1977 2170 et

321 2175 527 2210 Fructibus
565 2174 729 2218 Spiritus
738 2198 1971 2211 ........................................................
2023 2178 2088 2214 729

233 2218 286 2254 48.
321 2218 536 2262 Explicatio
559 2218 780 2254 Ecclesiast.
804 2218 871 2253 IX.
896 2228 929 2254 v.
956 2219 994 2253 11
1006 2242 1972 2256 ............................................
2023 2222 2088 2258 739

233 2262 288 2299 49.
321 2262 389 2298 Dis
416 2262 541 2298 utatio
567 2262 770 2297 continens
808 2262 1026 2298 Positiones
1051 2263 1197 2307 aliquot
1220 2264 1486 2301 Miscellaneas
1497 2290 1972 2299 ......................
2023 2266 2088 2301 745

233 2307 288 2386 ἓξ.
322 2272 504 2385 ἶὲξᾶὺιῗ
528 2305 808 2350 Quaestionum
832 2307 880 2342 ad
904 2307 1034 2342 totum
1067 2307 1308 2351 Decalogum
1317 2332 1971 2344 ..............................
2022 2309 2088 2389 {3}

280 2377 288 2386 .
411 2359 460 2386 en
487 2359 510 2385 a
519 2373 1972 2388 .................................................................

207 2444 283 2498 §8
307 2445 458 2487 Tomus
478 2444 660 2497 Quintus
676 2444 852 2499 denique
867 2452 1025 2487 natura
1040 2458 1116 2487 sua
1131 2446 1376 2500 paullulum
1388 2460 1414 2488 a
1423 2447 1756 2501 praecedentibus
1768 2447 1920 2504 differt,
1933 2447 2085 2503 quippe

147 2502 338 2545 exhibens
358 2517 446 2545 non
478 2511 564 2545 tam
595 2503 712 2557 lonqe
743 2505 898 2558 lateque
919 2504 1137 2545 distractas
1158 2504 1468 2559 disputationes,
1489 2520 1618 2561 quam.
1638 2507 1774 2561 potius
1795 2506 2086 2562 quaestionum

146 2561 342 2604 concinne
357 2562 686 2616 conscriptarum
701 2562 946 2616 cataloyum,
964 2562 1020 2603 acl
1035 2575 1140 2617 quas
1157 2563 1267 2605 brevi
1283 2564 1568 2618 respondetur.
1589 2565 1851 2620 Undeviyinti
1868 2564 2084 2607 absolvunt

148 2620 296 2676 capita.

194 2710 220 2746 I.
245 2710 512 2746 PROBLEMATA
535 2721 584 2746 DE
609 2712 741 2747 SACRA
765 2711 1003 2747 SCRIPTURA.
2002 2755 2027 2786 P
2049 2764 2071 2793 g

2029 2766 2048 2786 a
2072 2778 2078 2785 .

260 2790 290 2826 1.
325 2790 389 2825 An
411 2790 464 2870 sig
486 2790 673 2871 artissulus
697 2790 785 2827 fidei
809 2800 879 2827 seu
903 2790 950 2825 de
974 2789 1050 2825 fide
1075 2791 1115 2827 et
1137 2792 1357 2828 necessario
1374 2792 1618 2837 credendum,
1635 2793 1873 2837 scripturam
1887 2801 1975 2829 esse
2069 2836 2086 2870 1

370 2843 439 2870 ver
465 2843 533 2870 um
593 2844 625 2871 θ]
638 2857 1972 2871 .............................................................

1964 2880 1996 2915 2.
2020 2879 2083 2913 An
