2399 3084
303 115 380 143 xx11

478 226 736 271 Categorema
757 226 875 264 XXII
887 238 895 263 ε

479 306 736 359 categorema
759 315 916 351 xxm:

478 579 735 622 Categorema
760 579 892 615 XXIV
908 591 915 615 :

376 756 440 797 VI)
477 755 736 800 Categorema
758 754 894 791 XXV:

477 844 734 888 Categorema
757 843 913 879 XXVI:

478 931 736 976 Categorema
759 931 912 968 XXVII
926 943 933 968 z

477 976 735 1020 Categorema
757 975 947 1012 XXVHI:

477 1064 735 1108 Categorema
755 1063 914 1100 XXIX:

355 1108 440 1149 VII)
478 1108 736 1153 Categorema
759 1107 899 1144 XXX:

1103 99 1462 144 Pium-Ario.

2169 186 2254 226 rag.

974 227 1185 263 Peccatum
1220 237 1336 271 posse
1373 227 1521 262 remitti
1553 236 1621 270 per
1656 226 1782 262 solani
1815 227 2141 262 condonationem

975 272 1057 315 Dei,
1083 271 1191 307 nulla
1215 272 1319 307 facta
1346 271 1440 306 reali
1463 271 1684 307 mutatione
1708 271 1748 306 in
1773 272 1976 314 peccatore
1994 294 2136 304 .......
2186 270 2253 305 622

976 315 1281 352 Generationem
1316 324 1396 350 non
1438 324 1525 350 esse
1562 324 1722 351 causam
1758 324 1828 359 per
1859 325 1903 350 se
1928 318 1969 351 et
1990 315 2142 359 proprie

978 360 1121 396 dictam
1141 359 1224 395 sive
1245 358 1495 402 principalem
1510 359 1592 394 sive
1604 359 1958 403 instrumentalem,
1972 359 2042 394 sed
2055 368 2142 394 esse

977 413 1137 440 causam
1160 412 1228 447 per
1251 403 1440 445 accidens,
1464 403 1539 438 hoc
1563 403 1633 445 est,
1658 403 1809 446 proprie
1833 403 2079 445 antecedens,
2094 403 2142 437 ad

981 448 1083 492 quod
1117 447 1338 482 necessario
1374 446 1609 482 necessitate
1643 447 1944 490 consequentiae
1968 447 2143 490 sequitur

975 492 1180 535 peccatum
1215 490 1402 534 originale
1442 499 1512 525 seu
1551 499 1638 525 esse
1673 490 1845 525 medium
1877 491 1959 525 sive
1984 500 2143 526 causam

981 536 1065 571 sine
1090 537 1167 579 qua
1189 544 1268 570 non
1292 534 1572 576 traduceretur,
1597 534 1666 568 aut
1687 534 1726 568 in
1751 533 1830 569 ullo
1855 535 2136 570 existeret.....
2187 533 2254 569 624

978 579 1221 615 Vocabulum
1258 578 1427 621 corporis
1465 577 1593 613 latiori
1617 577 1900 621 significatione
1924 587 2004 613 non
2027 587 2143 621 posse

976 624 1057 659 Deo
1092 623 1219 665 tribui,
1256 622 1288 657 si
1316 631 1459 665 nempe
1483 631 1622 665 corpus
1647 621 1856 665 accipiatur
1879 631 1947 664 pro
1971 623 2066 657 vera
2088 622 2143 657 rei

977 667 1201 704 substantia
1235 675 1344 702 mero
1373 665 1644 709 phantasmati
1669 674 1714 701 ac
1738 665 1842 700 nudo
1868 665 2056 700 accidenti
2081 675 2141 709 op-

973 712 1373 799 ttsgiiataziiitaia
1389 732 1667 798 &satiata
1683 732 1936 796 attatei-1:11·
1950 732 2002 788 a·
2018 732 2144 797 aia·-
2188 709 2256 745 ⁶28

975 799 1074 834 sitiis
1096 799 1312 834 infantibus
1334 798 1576 842 baptizandis
1591 820 2138 830 .........................
2188 797 2256 833 630

974 843 1168 879 Judicium
1204 842 1520 878 contradictionis
1547 843 1587 877 in
1610 844 1726 878 rebus
1751 842 1800 877 ad
1823 842 1941 876 fidem
1965 842 2140 885 spectan-

975 888 1080 924 tibus
1105 897 1154 922 ex
1178 886 1326 922 lumine
1349 886 1511 921 rationis
1535 886 1613 930 peti
1638 896 1717 922 non
1740 895 1856 929 posse
1867 909 2137 921 .............
2187 885 2251 920 631

977 932 1136 967 Patrem
1171 940 1327 975 semper
1351 939 1396 966 ac
1420 931 1605 966 continuo
1629 939 1817 974 generare
1840 929 1964 965 filium
1974 953 2137 962 ........
2187 929 2254 964 632

974 976 1148 1012 Verbum
1173 976 1235 1010 est
1258 976 1298 1010 in
1323 975 1426 1010 dicto
1451 974 1593 1010 Christi
1619 975 1712 1018 „hoc
1736 975 1797 1009 est
1821 983 1960 1018 corpus
1976 973 2143 1016 meum’'‚

976 1029 1056 1056 non
1081 1029 1167 1055 esse
1191 1019 1338 1063 tropice
1363 1018 1659 1062 intelligendum
1681 1041 2135 1050 .....................
2185 1017 2253 1052 633

977 1064 1089 1099 Dicta
1113 1064 1328 1099 amicorum
1353 1063 1375 1098 J
1378 1063 1438 1098 obi
1461 1063 1609 1098 thetica
1632 1072 1712 1098 non
1736 1071 1823 1097 esse
1847 1062 2114 1097 authentica..
2128 1085 2136 1094 .
2186 1062 2253 1097 634

975 1108 1095 1144 Posse
1121 1108 1201 1143 dari
1226 1108 1457 1150 creaturam,
1483 1116 1582 1150 quae
1609 1107 1661 1142 sit
1683 1107 1835 1149 ubique.
1867 1106 1975 1150 Quod
2002 1116 2052 1142 ex
2075 1106 2142 1142 Be·

976 1161 1073 1188 cano
1102 1152 1254 1188 Jesuita
1278 1152 1504 1186 desumtum
1529 1151 1701 1194 apprime
1714 1150 1877 1185 inservit
1889 1150 2143 1186 sustinendae

977 1195 1408 1232 transsubstantiationi
1433 1196 1472 1230 et
1495 1194 1888 1230 consubstantiationi
1904 1217 2137 1226 ...........
2187 1193 2254 1230 640

478 1278 559 1320 (De
593 1277 961 1315 Problematis
996 1278 1055 1314 ad
1090 1277 1464 1313 Posteriorem
1500 1275 1840 1320 Theologiae
1864 1275 2083 1311 Partem
2107 1275 2251 1319 Spec-

520 1323 538 1358 t
550 1332 574 1358 a
585 1332 612 1358 n
624 1323 643 1358 t
654 1322 666 1358 i
678 1323 702 1359 b
714 1332 741 1358 u
754 1324 798 1363 s).

478 1389 735 1433 Categorema
757 1388 896 1425 XXXI
909 1400 916 1424 :

479 1477 736 1521 Categorema
759 1477 917 1514 ΧΧΧΠ
931 1488 938 1513 :

974 1389 1248 1432 Magistratum
1260 1397 1376 1432 posse
1388 1388 1491 1424 bona
1504 1388 1742 1424 conscientia
1750 1398 1813 1424 res
1823 1388 1908 1424 tota
1919 1388 1991 1423 sua
1999 1387 2143 1423 natura

975 1434 1111 1477 turpes
1149 1432 1309 1477 majoris
1344 1431 1438 1467 mali
1473 1432 1620 1468 vitandi
1643 1433 1771 1476 gratia
1792 1432 2021 1477 permittere
2037 1453 2133 1463 .....
2185 1429 2250 1465 645

980 1477 1088 1522 Quod
1123 1477 1164 1513 in
1197 1476 1372 1512 versatili
1396 1477 1486 1512 mea
1510 1476 1721 1520 Theologia
1744 1478 1841 1513 haec
1870 1476 2001 1512 omnia
2023 1475 2142 1510 licent

975 1523 1079 1558 bona
1126 1521 1373 1564 conscientia,
1409 1522 1449 1556 et
1486 1521 1572 1556 tam
1608 1520 1720 1557 facile
1755 1521 1841 1565 quis
1878 1520 2003 1564 possit
2021 1519 2139 1563 juxta

975 1566 1078 1601 illius
1112 1566 1300 1609 rescripta
1334 1574 1421 1600 esse
1456 1564 1694 1609 foedifragus
1729 1575 1774 1600 ac
1808 1566 1996 1609 perjurus,
2022 1572 2140 1607 quam

975 1610 1221 1646 atrocissima
1245 1618 1420 1653 quaeque
1444 1609 1484 1644 in
1507 1608 1627 1644 alium
1652 1609 1828 1653 conjecta
1844 1608 2014 1644 convitia
2026 1616 2138 1643 excu-

978 1654 1070 1690 dare
1101 1664 1125 1690 a
1158 1653 1290 1698 phrasi
1324 1653 1556 1697 Scripturae‚
1590 1662 1688 1697 quae
1712 1654 1838 1689 Deum
1874 1653 2003 1696 ipsum
2027 1651 2140 1695 leoni,

974 1698 1065 1742 lupo
1090 1699 1131 1734 et
1153 1698 1229 1733 furi
1252 1697 1403 1733 confert
1411 1718 2135 1730 .................................
2185 1695 2252 1732 648

332 1742 437 1783 VIII)
473 1742 731 1787 Categorema
753 1741 947 1778 XXXIII:
970 1742 1076 1778 Pilos
1116 1743 1155 1777 et
1190 1751 1344 1786 ungues
1379 1741 1427 1777 ad
1463 1742 1595 1777 cutem
1635 1751 1758 1785 usque
1792 1739 2139 1786 praescindendos:

477 1830 736 1875 Categorema
757 1830 950 1867 XXXIV:

478 1919 736 1964 Categorema
758 1918 913 1955 XXXV
927 1930 935 1955 :

478 2052 736 2097 Categorema
758 2051 947 2088 XXXVI:

477 2140 735 2185 Categorema
746 2138 956 2177 XXXVII:

975 1795 1129 1822 comam
1159 1787 1208 1822 ad
1231 1787 1363 1822 cutem
1387 1795 1511 1829 usque
1535 1786 1770 1822 eradendam
1774 1807 2134 1821 .................
2184 1784 2248 1820 651

975 1831 1082 1876 Quod
1121 1831 1252 1866 omnia
1281 1829 1430 1873 templa
1461 1830 1681 1865 structurae
1708 1830 1934 1866 Pontificiae
1956 1837 2140 1872 respuam

974 1876 1016 1911 et
1038 1874 1158 1911 velim
1182 1883 1320 1910 eversa
1328 1895 2134 1909 .....................................
2184 1873 2250 1908 652

973 1919 1263 1955 Abstinendum
1303 1927 1391 1954 esse
1425 1919 1473 1954 ab
1512 1919 1736 1954 auctoribus
1771 1918 1945 1954 Ethnicis
1975 1918 2140 1960 utraque

978 1963 1113 2007 lingua
1145 1962 1336 2007 imprimis
1359 1962 1486 2005 poetis
1521 1962 1679 1998 comicis
1709 1963 1748 1998 et
1770 1962 1948 2006 satyricis
1978 1961 2018 1996 in
2045 1961 2140 1996 Aca-

976 2007 1106 2043 demia
1129 2008 1170 2043 et
1194 2007 1337 2043 Schola
1360 1990 1515 2041 Triviali
1542 2006 1780 2050 explicandis
1791 2028 2043 2039 ............
2047 2029 2066 2055 .·
2080 2029 2087 2037 .
2103 2027 2111 2055 1
2125 2027 2138 2055 ·.
2184 2004 2251 2040 654

973 2051 1114 2088 Osculo
1150 2052 1375 2087 matronam
1410 2051 1685 2086 advenientem
1721 2050 1908 2094 excipere,
1933 2050 2002 2085 aut
2024 2048 2140 2085 Simili

978 2096 1056 2131 ritu
1084 2095 1118 2131 ei
1141 2095 1356 2131 valedicere
1379 2104 1459 2130 non
1484 2103 1572 2130 esse
1595 2094 1745 2130 licitum
1748 2116 2134 2130 ..................
2184 2092 2250 2129 654

987 2160 2135 2174 ιιιιιιιιιιιιιιιιιιιιιιιιιιιιιιιιιιιιιιιιιιιιιιιιιιιι

984 2204 2134 2217 ιιιιιιιιιιιιιιιιιιιιιιιιιιιιιιιιιιιιιιιιιιιιιιιιιιιι

479 2228 737 2273 Categorema
750 2227 980 2265 XXXVIII:
1003 2228 1250 2264 Idololatriae
1274 2226 1526 2271 participatae
1550 2227 1591 2262 et
1601 2227 1922 2271 interpretativae
1935 2235 2047 2262 reum
2059 2225 2141 2262 fore

480 2448 737 2494 Categorema
755 2447 950 2485 XXXIX:

371 2492 441 2534 IX)
475 2492 733 2537 Categorema
754 2493 845 2529 XL:

482 2536 739 2581 Categorema
761 2537 872 2574 XLI:

980 2273 1045 2316 qui
1078 2273 1119 2308 in
1145 2271 1294 2315 templo
1318 2272 1547 2314 precaturus
1570 2270 1800 2315 plerumque
1824 2271 1871 2306 de
1894 2270 2067 2306 verteret
2090 2269 2139 2305 ad

982 2316 1185 2360 orientem,
1220 2316 1261 2351 et
1298 2316 1331 2350 si
1366 2316 1503 2351 tamen
1536 2324 1617 2350 non
1641 2315 1862 2359 attenderit,
1885 2314 1937 2351 ibi
1960 2323 2047 2350 esse
2071 2314 2141 2350 aut

977 2360 1098 2396 fuisse
1123 2360 1296 2403 chorum,
1320 2368 1396 2403 quo
1416 2359 1609 2394 Pontificii
1621 2360 1728 2395 certa
1743 2359 1911 2403 quadam
1923 2358 2140 2394 intentione

977 2414 1021 2440 se
1045 2404 1281 2440 convertunt
1302 2403 1405 2439 inter
1430 2403 1621 2439 orandum
1635 2425 2134 2436 .......................
2184 2402 2251 2437 655

974 2448 1094 2484 Nefas
1117 2457 1204 2484 esse
1228 2447 1342 2483 alicui
1364 2447 1568 2491 propinare
1591 2448 1630 2482 in
1654 2448 1774 2492 ipsius
1806 2447 2018 2484 sanitatem
2021 2469 2134 2482 ......
2185 2445 2251 2481 657

973 2492 1155 2528 Calceum
1176 2491 1292 2536 paulo
1315 2491 1534 2535 longiorem
1557 2492 1654 2536 pede
1677 2501 1757 2527 non
1782 2500 1869 2527 esse
1891 2490 2138 2535 gestandum.
2184 2489 2249 2525 661

976 2536 1087 2572 Bona
1125 2535 1485 2587 seudecclesiastica
1498 2535 1590 2571 olim
1602 2545 1625 2571 a
1634 2535 1836 2572 Pontificio
1846 2535 1947 2571 clero
1956 2543 2140 2585 possessa

978 2581 1018 2616 in
1040 2581 1096 2617 Be
1112 2589 1187 2624 gio,
1210 2579 1319 2616 nulla
1340 2580 1491 2615 ratione
1515 2579 1674 2616 alienari
1709 2579 1987 2622 saecularizari,
2011 2579 2080 2614 aut
2093 2578 2142 2614 ad

981 2624 1078 2660 alios
1111 2633 1209 2675 usus
1243 2633 1362 2668 quam
1395 2633 1527 2659 sacros
1563 2624 1603 2660 et
1634 2608 1837 2668 religiosos
1860 2632 1888 2673 a
1909 2622 2141 2666 Magistratu

980 2667 1185 2704 transferri
1195 2677 1322 2712 posse.
1345 2667 1416 2703 Ille
1429 2677 1515 2704 esse
1529 2667 1671 2704 Christi
1681 2668 1961 2712 patrimonium
1974 2666 2076 2710 quod
2087 2666 2140 2702 at-

979 2712 1139 2748 trectari
1173 2721 1197 2748 a
1218 2712 1450 2755 Magistratu
1475 2712 1665 2748 saeculari
1688 2712 1785 2748 citra
1807 2710 2055 2754 sacrilegium
2077 2718 2140 2746 ne-

980 2757 1109 2801 queat.
1145 2755 1365 2801 Quemlibet
1398 2755 1613 2792 Ecclesiam
1645 2754 1920 2805 particularem
1942 2755 1983 2790 in
2004 2753 2140 2804 Belgio

981 2800 1126 2837 habere
1158 2809 1228 2844 pro
1255 2800 1357 2836 rium
1390 2800 1432 2836 et
1478 2800 1668 2837 directum
1706 2799 1920 2835 dominium
1965 2806 2141 2834 omnium

977 2843 1133 2881 illorum
1167 2852 1209 2880 re
1240 2844 1363 2880 ’tuum
1397 2844 1470 2880 etc.
1508 2843 1698 2888 Supremo
1732 2842 1977 2887 Magistratui
2010 2842 2203 2921 minusdh
