2399 3084
283 110 366 150 372
718 109 1790 154 Dmp.XII.DELEm-,ss‘rEumol-2140.

285 233 510 274 comitatur
549 235 710 277 reatus:
735 235 876 274 reatus
909 248 1007 274 vero
1026 237 1088 274 est
1106 227 1311 287 obligatio
1330 235 1378 275 ad
1400 249 1600 288 poenam:
1621 250 1720 290 ergo
1744 240 1841 278 sunt
1863 237 1939 278 sub
1957 238 2018 278 ira
2035 238 2128 289 Dei,
2148 240 2224 280 sub

284 290 580 331 maledictione
605 290 726 344 legis,
761 293 826 333 &a
860 291 982 345 Resp.
1017 292 1245 347 Distingue
1279 295 1442 334 reatum
1473 294 1517 334 in
1536 297 1630 334 actu
1651 294 1786 348 primo
1801 311 1873 336 seu
1890 297 2178 349 potentialem,
2204 301 2227 339 a

282 351 404 391 reatu
427 349 471 389 in
503 351 599 390 actu
621 350 812 399 secundo,
837 365 910 391 seu
928 351 1097 391 actuali.
1132 350 1195 391 De
1214 351 1286 391 illo
1304 352 1566 393 concedimus
1585 367 1593 393 :
1621 354 1670 393 de
1703 353 1782 393 isto
1805 369 2021 408 negamus,
2037 370 2086 396 ex
2105 355 2225 397 Rom.

285 408 322 449 8.
356 423 395 449 v.
434 408 469 448 1.
506 408 601 450 Non
619 416 675 450 est
694 409 993 459 condemnatio,
1018 410 1082 450 &c
1104 425 1139 449 v.
1161 410 1227 450 33.
1258 411 1359 463 Quis
1383 411 1585 453 accusabit
1603 413 1740 452 eleetos
1759 413 1846 459 Dei,
1872 414 1935 454 &c
1959 415 2061 466 Quis
2079 422 2134 456 esc
2153 416 2226 470 qui

283 467 541 508 conclenmat.
576 467 641 508 &c.
676 465 808 507 Omne
848 470 1065 521 peccatum
1097 468 1284 509 fidelium
1312 471 1457 522 aptum
1485 472 1632 510 natum
1652 473 1714 511 est
1733 470 1907 523 (πέφυκε)
1929 472 2072 513 fideles
2090 473 2226 514 facere

284 525 392 566 filios
426 525 659 579 gehennae,
693 526 897 579 subjicere
932 526 1018 567 irae
1051 526 1144 575 Dei,
1182 527 1259 568 sub
1293 527 1399 582 legis
1435 528 1727 569 maledictione
1747 530 2022 570 constituere:
2044 532 2113 571 sed
2135 531 2226 572 idco

285 586 378 625 actu
404 598 472 624 eos
491 598 573 624 non
592 583 694 625 facit
712 585 820 626 filios
839 585 1070 639 gehennae,
1089 600 1172 626 non
1190 586 1409 627 constituit
1427 587 1503 627 sub
1523 587 1817 629 maledictione
1837 588 1956 643 legis.
1977 588 2093 630 Sicut
2110 591 2225 630 trabs·

283 642 414 684 muris
442 642 640 696 imposita
672 642 813 694 πέφυκε
841 644 1033 685 deorsum
1066 644 1186 685 ferri:
1228 645 1298 685 sed
1332 660 1413 685 non
1449 645 1583 686 fertur
1615 660 1689 699 per
1717 646 1998 688 interventum
2019 648 2128 689 muri
2145 663 2226 702 quo

286 701 459 742 fulcitur
481 701 510 742 ἃ
531 704 803 743 sustentatur.

348 761 387 800 2.
425 760 623 814 Objceteo:
655 759 769 801 Deus
801 762 996 803 irascitur
1024 762 1211 803 fidelium
1247 763 1442 816 peccatis,
1477 778 1607 817 eaque
1641 765 1748 817 juste
1783 765 1944 817 judicat
1966 764 1994 806 81
2012 769 2228 819 peccantes

280 820 392 872 juste
418 819 553 872 punit.
588 818 702 873 Ergo
737 834 786 860 ex
816 823 935 874 parte
969 821 998 862 81
1027 821 1109 861 alio
1133 825 1324 875 respectu
1358 825 1455 862 sunt
1473 823 1548 863 sub
1568 823 1662 877 lege
1680 823 1708 864 &
1727 822 1892 863 foedere
1912 824 2052 878 leg-ali,
2072 825 2148 865 sub
2166 825 2227 865 ira

284 877 377 927 Dei,
412 877 488 918 sub
522 878 829 920 maledictione.
866 880 983 933 Hesp.
1008 879 1162 920 Essent
1185 880 1291 921 tales
1325 880 1354 920 ὦ
1386 881 1429 920 111
1462 881 1539 921 tali
1558 884 1669 921 statu
1692 897 1699 929 ς
1720 881 1799 921 nisi
1819 882 1976 923 Christi
1995 883 2227 924 satisfactio

284 936 594 985 intervenisset,
614 940 784 990 propter
804 953 930 991 quam
948 938 1142 979 fidelibus
1162 944 1258 979 actu
1276 954 1358 979 non
1378 939 1612 993 imputatur
1634 940 1752 995 [pag.
1776 941 1852 996 57]
1875 944 2114 994 peccatum;
2134 942 2224 983 abs-

285 1009 365 1048 que
402 998 449 1035 9ίι
481 994 668 1048 alioquin
696 996 1003 1049 imputandum.
1041 998 1140 1038 Era!
1179 998 1289 1038 Dens
1324 998 1532 1040 mundum
1572 999 1613 1039 in
1652 999 1812 1041 Clu-isto
1840 1000 1917 1041 sibi
1945 1001 2225 1042 reconcilians

287 1067 370 1094 non
388 1055 608 1106 impudens
629 1054 730 1108 ipsis
752 1063 924 1108 peccata,
949 1056 972 1095 ‘2
994 1055 1086 1096 Cor.
1110 1058 1148 1096 5.

345 1114 383 1151 3.
421 1112 616 1165 ObJ'ectt'O:
640 1112 771 1154 Sicuti
792 1114 983 1155 Christus
1003 1114 1053 1155 ab
1075 1115 1293 1156 Ambrosio
1311 1115 1352 1155 in
1374 1117 1466 1156 Lm:
1488 1116 1555 1157 21.
1576 1116 1820 1157 benedictus
1843 1118 1994 1159 dicitur
2012 1119 2055 1158 in
2072 1119 2227 1170 suaju-

284 1170 401 1212 stitia
435 1172 464 1212 &
486 1171 734 1212 maledictus
752 1175 924 1226 propter
946 1188 1038 1213 nos:
1059 1174 1117 1213 sic
1136 1175 1261 1214 etiam
1282 1175 1425 1214 fideles
1449 1175 1527 1215 dici
1541 1178 1711 1228 possent
1735 1176 1947 1217 maledicti
1963 1177 2005 1217 in
2029 1192 2132 1227 sese,
2151 1177 2227 1217 hoe

286 1231 361 1279 est,
383 1229 427 1270 in
446 1232 559 1270 statu
577 1229 858 1271 damnationis
878 1246 966 1272 esse
990 1235 1161 1285 propter
1180 1236 1350 1285 peccata
1367 1248 1439 1273 sua
1457 1249 1464 1281 ;
1485 1234 1513 1274 &
1534 1234 1741 1274 benedicti
1759 1234 1801 1274 in
1820 1234 1986 1276 Christo
2000 1236 2228 1276 mediatore

286 1290 314 1329 ἃ
332 1302 530 1341 sponsore
548 1302 640 1337 suo;
666 1304 737 1329 seu
755 1290 797 1330 in
817 1293 929 1330 statu
953 1291 1115 1344 gratiae
1136 1306 1224 1331 esse
1244 1294 1415 1345 propter
1435 1291 1664 1333 Christum.
1701 1293 1816 1346 ἂρ’-57).
1852 1293 1994 1348 Longe
2013 1294 2229 1335 dissimilis

285 1349 348 1387 est
379 1347 509 1388 ratio:
545 1346 737 1389 Christus
766 1351 937 1402 propter
955 1349 1095 1389 debita
1117 1353 1261 1390 nostra
1281 1351 1465 1390 nondum
1483 1353 1582 1391 tnnc
1601 1351 1769 1392 exoluta
1793 1355 1882 1392 erat
1898 1355 1992 1393 actu
2010 1353 2175 1400 κατάρα,
2202 1354 2228 1394 ἃ

286 1405 470 1453 debitor;
505 1407 630 1458 atque
664 1407 766 1447 adeo
800 1407 876 1447 sub
905 1407 1062 1460 judicio
1096 1407 1199 1448 Dei:
1233 1409 1325 1449 ideo
1351 1409 1478 1449 etiam
1502 1409 1653 1449 dicitur
1676 1423 1749 1457 1:2³2
1768 1411 1961 1465 niqgyasclz
1980 1415 2148 1452 exactus
2169 1414 2230 1452 est

286 1464 364 1504 Jes.
400 1464 468 1504 53.
497 1477 532 1504 r.
555 1466 592 1504 Ἰ.
611 1465 753 1506 fideles
773 1469 927 1515 autem,
947 1481 1125 1519 quorum
1149 1467 1285 1507 debita
1312 1470 1331 1507 ἐι
1353 1467 1519 1508 Christo
1538 1471 1634 1508 actu
1651 1469 1856 1518 exsoluta,
1876 1471 1904 1511 ἃ
1922 1470 2023 1523 ipsis
2046 1471 2087 1510 in
2103 1470 2228 1524 justi-

286 1522 479 1562 ficatione
512 1537 586 1575 per
619 1523 742 1564 fidem
777 1527 872 1565 actu
895 1524 1069 1565 remissa
1089 1528 1198 1573 sunt,
1219 1541 1301 1565 non
1324 1529 1500 1579 possunt
1516 1541 1604 1567 esse
1629 1529 1700 1567 aut
1718 1527 1797 1567 dici
1815 1527 1854 1567 in
1876 1543 1964 1568 sese
1989 1532 2082 1569 actu
2101 1530 2229 1570 male-

287 1580 409 1621 dicti:
445 1582 473 1622 &
503 1583 597 1621 actu
622 1583 698 1621 sub
717 1583 1020 1633 maledictione,
1040 1586 1210 1637 propter
1229 1587 1399 1637 peccata
1419 1600 1504 1625 sua.
1540 1585 1648 1633 Quia
1665 1589 1847 1638 peccata,
1869 1601 1974 1639 quae
1992 1602 2073 1627 non
2093 1588 2229 1641 impu-

286 1641 445 1687 tantur,
466 1640 494 1680 &
518 1639 641 1679 simul
666 1656 713 1681 ac
731 1642 859 1682 semel
878 1642 1052 1682 remissa
1070 1645 1180 1691 sunt,
1200 1642 1411 1683 habentur
1430 1646 1632 1697 tanquam
1650 1658 1732 1683 non
1752 1645 1987 1686 commissa.
2020 1645 2232 1687 ‚iudicium

287 1697 395 1738 enim
432 1697 511 1738 Dei
547 1701 610 1738 est
644 1700 870 1740 secundum
903 1700 1140 1741 veritatem.
1174 1701 1231 1741 Et
1253 1701 1445 1754 implicat
1469 1702 1853 1743 contradictionem.
1880 1706 1975 1744 actu
1994 1705 2232 1745 absolutum

287 1771 375 1796 csse
409 1756 594 1810 aliquem
627 1761 798 1812 propter
831 1758 989 1800 Christi
1023 1759 1354 1800 satisfactionem
1388 1761 1439 1800 ab
1472 1760 1732 1814 obligatione
1765 1762 1815 1802 ad
1849 1763 2184 1804 maledictionem
2203 1765 2231 1805 ἃ

286 1829 484 1867 poenam:
511 1816 539 1856 &
557 1816 832 1858 nihilominus
851 1818 1027 1858 eundem
1045 1820 1141 1858 actu
1159 1818 1395 1872 obligatum
1415 1834 1503 1859 esse
1522 1835 1570 1859 ac
1587 1834 1754 1859 manere
1773 1821 1823 1859 ad
1843 1835 2032 1874 poenam,
2051 1825 2123 1862 aut
2137 1824 2233 1862 actu

287 1887 375 1914 esse
399 1873 476 1914 sub
496 1879 614 1914 reatu
639 1890 684 1915 ac
704 1876 1011 1917 maledictione.
1044 1876 1173 1925 Quasi
1196 1877 1288 1929 quis·
1307 1877 1462 1918 diceret
1481 1879 1657 1918 eundem
1676 1878 1836 1919 Titium
1856 1880 2066 1933 captivum
2088 1881 2229 1921 vincu-

287 1931 338 1973 lis
358 1933 628 1973 constrictum
649 1949 695 1974 ac
713 1935 892 1988 ligatum
911 1935 1045 1975 teneri
1063 1935 1106 1975 111
1124 1950 1287 1976 carcere
1306 1937 1383 1977 sub
1404 1939 1612 1990 potestate
1627 1937 1778 1990 judicis
1797 1939 1825 1978 81
1843 1939 2229 1979 commentariensis

286 1991 583 2031 constitutum:
604 1994 632 2033 &
651 1993 789 2043 simul,
814 1994 885 2033 sed
903 1994 986 2034 alio
1005 1997 1208 2047 respectu,
1233 1995 1458 2035 liberatum
1479 2010 1566 2035 esse
1587 1997 1609 2035 a
1628 1996 1817 2045 vinculiS,
1837 2012 1886 2037 ex
1905 2011 2067 2037 carcere
2086 1997 2231 2038 dimis-

287 2064 379 2089 sum
398 2064 485 2090 esse
505 2052 533 2091 &
552 2050 682 2091 libere
702 2051 857 2104 ubique
875 2066 950 2105 pro
968 2052 1143 2093 arbitrio
1166 2053 1395 2094 ambulare.
1432 2053 1511 2094 Per
1530 2053 1712 2094 diversos
1733 2057 1959 2107 respectus.
1976 2056 2230 2110 (1911109011-

286 2110 367 2157 tur,
387 2108 709 2150 contradictoria
732 2110 837 2150 haut
855 2111 1027 2151 minime
1047 2111 1259 2152 conciliari
1278 2115 1474 2165 possunt:
1498 2127 1580 2153 non
1599 2112 1750 2165 magis,
1770 2128 1897 2166 quam
1920 2129 1994 2167 per
2012 2114 2230 2155 ridiculam

287 2166 598 2207 distinctionem
631 2167 863 2209 Cardinalis
898 2169 1070 2210 Perroni
1103 2170 1316 2211 conciliari
1349 2173 1544 2224 poterant
1581 2171 1687 2211 istae
1709 2172 2031 2224 propositiones,
2052 2172 2230 2213 Animae

287 2227 527 2266 sanctorum
561 2228 824 2279 quorundam
858 2230 952 2268 actu
987 2228 1207 2281 quiescunt
1239 2229 1281 2268 in
1315 2243 1429 2282 pace,
1455 2230 1483 2270 Sc
1502 2232 1597 2270 actu
1617 2230 1853 2283 purgatorii
1872 2231 2125 2271 cruciatibus
2144 2234 2230 2271 tor-

287 2286 481 2336 quentur.
516 2284 743 2332 Quiescunt
777 2286 863 2327 scil,
892 2287 920 2327 &
939 2287 1152 2327 dormiunt
1169 2287 1211 2327 in
1230 2302 1374 2328 somno
1398 2288 1511 2341 pacis
1530 2288 1692 2328 ratione
1718 2289 1780 2328 vel
1799 2291 1990 2343 respectu
2009 2290 2228 2330 ecclesiae:

287 2342 456 2382 eaedem
490 2343 765 2385 nihilominus
800 2345 1035 2398 purgatorii
1071 2345 1325 2386 cruciatibus
1359 2348 1622 2399 torquentur,
1656 2346 1817 2387 ratione
1853 2362 1924 2388 seu
1944 2350 2134 2401 respectu
2152 2348 2229 2388 sui.

287 2399 395 2441 Vide
413 2400 635 2442 ridiculam
651 2402 760 2443 hanc
783 2403 1095 2444 distinctionem
1115 2404 1326 2457 explosam
1355 2407 1374 2445 ξι
1396 2404 1667 2445 celeberrimo
1687 2404 1870 2458 Papatus
1889 2406 2158 2460 antagonista
2179 2406 2229 2448 P.

290 2459 490 2500 Molinaeo
511 2460 554 2500 in
574 2461 757 2502 Novitate
779 2463 981 2515 Papismi.

347 2517 387 2557 4.
420 2517 616 2570 ObjeCIt'o:
642 2518 755 2560 Deus
794 2520 989 2561 irascitur
1021 2522 1203 2574 peccatis
1235 2522 1438 2571 fidelium,
1469 2537 1600 2576 eaque
1633 2524 1888 2570 detestatur:
1914 2537 2013 2577 ergo
2036 2525 2133 2563 sunt
2154 2522 2230 2563 sub

288 2574 350 2614 ira
367 2574 447 2615 Dei
466 2576 494 2616 86
513 2577 819 2628 maledictione,
838 2579 1002 2631 quando
1021 2580 1049 2621 &
1068 2580 1398 2633 quotiescunque
1416 2583 1589 2633 peccant
1607 2597 1614 2628 ;
1640 2584 1736 2621 sunt
1755 2581 1830 2621 sub
1850 2581 1956 2636 lege,
1972 2582 2048 2621 sub
2065 2581 2229 2622 foedere

288 2646 475 2685 operum,
506 2634 578 2675 lto(-
595 2636 660 2688 fico
681 2635 720 2677 a·
740 2638 853 2683 vives,
874 2637 1046 2678 Levitic.
1069 2637 1134 2678 18.
1172 2639 1409 2680 Maledictus
1429 2640 1502 2694 qui
1520 2653 1600 2687 non
1630 2641 1840 2689 incluserit,
1861 2641 1924 2681 &c
1965 2640 2135 2680 Denter.
2162 2640 2229 2678 27.

291 2692 408 2744 Hesp.
436 2692 529 2744 lx'eq.
564 2692 871 2748 Consequentia
889 2696 1073 2749 majoris,
1098 2711 1171 2749 per
1189 2697 1501 2738 distinctionem
1520 2697 1607 2738 irae
1625 2699 1654 2738 ὣ
1673 2697 1974 2749 irae,J'ustitiae
1988 2698 2016 2738 &
2025 2696 2229 2750 justitiae.

288 2747 357 2789 Ira
387 2750 475 2801 ejus
498 2751 705 2803 &justitia
726 2753 903 2806 puniens
926 2754 1082 2804 fideles,
1104 2758 1166 2795 est
1184 2756 1361 2809 abyssus
1379 2755 1700 2804 misericordiae,
1725 2759 1788 2797 est
1805 2757 1987 2796 maxime
2010 2755 2231 2795 salutaris-

289 2809 352 2848 est
385 2806 533 2848 intima
567 2810 595 2850 &
628 2813 802 2862 paterna
836 2811 1017 2863 dilectio,
1054 2816 1116 2853 est
1148 2813 1300 2851 πκιδεῖκ
1328 2828 1500 2868 parcens
1523 2829 1570 2854 ac
1591 2829 1876 2868 praeservans,
1898 2829 1948 2855 ne
1966 2828 2059 2855 cum
2077 2813 2231 2853 mundo

2109 2885 2228 2925 pere:
