2399 3084
258 96 340 137 150
520 95 664 136 DISP.
710 95 785 136 VI.
827 95 900 136 DE
933 95 1338 138 PRoPAoArioNE
1371 97 1578 139 Pacessl
1611 98 1939 142 ORIGINALIS.

252 219 396 273 peritis
427 219 691 261 cavillatriccs
724 219 791 260 ille
822 218 943 273 facile
970 227 1161 273 possunt.
1196 220 1305 264 Nam
1336 234 1433 263 vera
1464 230 1562 263 sunt
1588 224 1727 277 firma,
1745 230 1790 265 ut
1811 222 2117 265 Demosthenes
2134 224 2204 265 ait.

256 275 413 328 ἰσχυρὸν
427 277 473 315 τὸ
488 275 629 322 &mv-<³22
650 276 841 318 Pezelius
859 278 911 318 ad
926 276 1118 319 Examen
1134 277 1422 321 Melanbhonis
1443 282 1560 334 parb:
1583 281 1619 321 1.
1634 296 1673 335 p.
1690 281 1788 323 442.
1802 281 1903 324 dicit
1915 297 2004 324 esse
2017 281 2207 324 accidens

255 336 510 390 privativum
527 350 610 377 11011
628 335 869 390 positivum.
888 335 945 377 Et
963 351 1003 390 p.
1028 337 1128 379 432.
1145 338 1290 379 laudab
1307 338 1385 380 has
1403 339 1667 381 definitiones
1686 340 1807 395 [pag.
1830 341 1966 396 1090]
1985 340 2206 383 Bonaven-

257 398 397 436 turae:
434 396 538 437 Cum
561 395 791 451 quaeritur,
824 395 927 450 quid
948 396 999 437 sit
1020 396 1225 451 oriqinale
1239 405 1461 452 peccatum,
1480 407 1580 440 reete
1596 400 1878 453 respondetur,
1901 400 2014 456 quod
2030 400 2082 442 sit
2101 399 2208 443 Con-

256 454 505 508 cupiscentia
527 454 821 496 immoderata:
841 455 953 497 Recte
967 455 1091 497 etiam
1107 457 1382 511 respondetur
1396 457 1508 512 quod
1523 458 1577 500 sit
1592 457 1747 500 debitae
1753 459 1942 513 justitiae
1957 459 2152 510 carentia,
2170 458 2210 502 82·

258 513 301 554 in
321 526 405 554 una
422 513 601 554 istarum
619 513 940 568 responsionum
957 514 1188 557 includitur
1204 516 1345 558 altera.
1378 515 1677 571 Hemmingius
1694 517 1738 557 in
1755 519 1965 572 syntagm.
1989 518 2123 559 instit.
2141 517 2209 559 tit.

257 572 305 612 de
338 574 508 625 peceato
525 571 637 613 thesi
662 572 730 614 19.
750 572 819 614 20.
839 573 929 614 Iam
951 587 1046 615 cum
1062 581 1217 615 certum
1234 582 1289 616 est
1311 575 1559 630 oriqinalem
1567 576 1778 630 justitiam
1801 576 1941 631 (cujus
1958 577 2139 618 carentia
2155 584 2210 618 est

256 639 465 685 peccatum
497 630 694 688 oriqinis)
727 631 809 673 duo
841 633 1062 686 complecti,
1095 646 1241 687 nempe
1266 633 1541 689 inteqritatem
1557 635 1749 677 omnium
1766 636 1922 678 virium
1940 635 1986 676 in>
2001 636 2150 686 Adam,
2171 634 2212 677 ac

257 689 609 745 approbationem,
643 703 727 745 qua
758 691 845 733 Deo
877 699 1061 746 acceptus
1092 699 1179 734 erat
1200 692 1363 735 Adam:
1380 694 1578 749 sequitur,
1597 694 1708 749 quod
1721 703 1935 748 peecatum
1957 694 2146 748 oriqinis,
2163 694 2214 736 sit

258 749 448 803 desectus,
467 749 691 803 corruptio,
718 747 758 790 ἃ·
775 757 927 791 reatus.
967 749 1113 801 Qualis
1129 758 1267 793 autem
1285 753 1335 793 sit
1353 753 1543 808 desectus,
1562 752 1602 794 ἃ·
1617 754 1755 808 qualis
1777 754 1984 808 corruptio
2004 760 2213 808 peceatum

258 808 447 863 oriyinis,
467 808 611 851 rectius
638 808 736 850 sciri
753 822 840 850 non
853 816 997 863 potest,
1016 824 1144 865 quam
1161 824 1210 851 eac
1226 811 1470 866 inteqritatis
1486 812 1721 866 partitione.
1756 812 1866 856 Nam
1882 826 1975 854 cum
1999 812 2213 867 inteqritas

260 868 471 910 humanae
486 875 676 918 naturae,
694 868 777 922 fuit
793 868 931 923 imaqo
949 869 1040 919 Dei,
1063 869 1290 912 obedientia
1315 869 1356 912 a·
1372 869 1529 921 εὐταξία
1547 871 1738 913 omnium
1759 871 1928 922 virium,
1946 872 2108 922 mentis,
2125 884 2214 914 cor-

260 926 324 968 dis
361 925 401 969 a
431 927 614 980 corporis
630 940 728 980 erqa
744 927 910 969 Deum:
927 929 1114 983 sequitur
1129 929 1240 984 quod
1257 930 1327 971 iste
1343 930 1520 984 desectus
1540 929 1581 972 ἃ
1597 931 1818 984 corruptio,
1836 931 1888 972 sit
1910 931 2091 972 inductio
2108 930 2215 972 ima-

259 986 371 1040 qinis
383 986 471 1034 Dei,
491 984 682 1036 ἃὰταξὶα
695 986 889 1028 omnium
901 986 1072 1038 virium,
1085 988 1247 1043 mentis,
1261 989 1396 1031 cordis
1412 987 1452 1030 el·
1463 990 1647 1043 eorporis
1659 988 1869 1031 Zanchius
1887 989 1960 1031 lib.
1979 989 2048 1031 0113.
2067 1003 2157 1044 cap.
2175 988 2215 1030 4.

261 1044 372 1085 thesi
390 1045 431 1086 2.
445 1046 481 1099 g.
501 1045 538 1086 5.
559 1044 635 1086 Hic
651 1044 891 1099 complector
907 1046 1059 1100 primo,
1086 1047 1211 1089 totius
1218 1048 1406 1102 justitiae
1422 1048 1640 1102 oi·i9inalis
1653 1049 1929 1103 privationem
1949 1048 2132 1098 dicendo,
2150 1048 2216 1090 in-

253 1105 389 1157 justos
401 1117 543 1145 omnes
554 1117 637 1145 esse
652 1104 794 1158 factos,
809 1104 852 1146 id
862 1112 933 1155 est,
942 1105 1130 1159 privatos
1146 1107 1263 1148 omni
1265 1107 1433 1160 justitia
1450 1106 1490 1149 ἃ·
1501 1108 1755 1159 rectitudine,
1773 1122 1877 1163 quae
1893 1108 1938 1149 in
1952 1108 2061 1162 ipsos
2072 1107 2218 1161 fuisset

260 1171 507 1218 propaqata,
526 1163 562 1204 si
579 1162 770 1206 Adamas
788 1177 875 1205 non
884 1172 1095 1218 peccasset.
1113 1165 1299 1208 Secundo
1313 1167 1396 1208 loco
1408 1167 1781 1220 complecteretiam
1795 1175 1919 1209 totam
1937 1174 2113 1208 naturae
2128 1179 2220 1208 cor-

263 1222 501 1276 ruptionem
533 1222 701 1264 nomine
731 1223 931 1277 corrupti.
966 1224 1104 1280 Neque
1134 1225 1246 1267 enim
1275 1226 1395 1267 aliter
1423 1225 1515 1282 fieri
1532 1226 1680 1280 potuit,
1698 1240 1826 1281 quam
1849 1233 1894 1268 ut
1911 1226 2047 1268 ablata
2055 1225 2219 1279 justitia

263 1281 471 1336 oriqinali,
491 1295 575 1337 qua
599 1281 749 1337 inteqer
769 1290 855 1324 erat
872 1282 911 1324 ti·
928 1291 1061 1325 rectus
1077 1284 1281 1337 Adamas,
1298 1292 1536 1340 sequeretur
1551 1286 1762 1340 corruptio
1780 1285 1900 1327 totius
1916 1292 2108 1326 naturae.
2131 1285 2220 1326 Hac

264 1341 313 1382 de
344 1354 468 1382 causa
500 1341 628 1395 adjeci
659 1341 781 1383 etiam
813 1355 924 1383 voces
961 1342 1068 1394 illas,
1101 1343 1180 1384 toti
1213 1344 1362 1397 quanti
1395 1346 1505 1394 sunt,
1534 1344 1675 1385 anima
1692 1348 1719 1384 Si
1737 1359 1923 1397 corpore,
1941 1351 1988 1386 ut
2005 1343 2219 1386 ostendam

267 1406 395 1441 totum
427 1399 637 1441 hominem
675 1401 693 1454 s
699 1400 804 1442 uisse
841 1399 879 1442 ti·
916 1401 1137 1455 spoliatum
1173 1403 1343 1457 justitia
1382 1403 1580 1458 oriqinali
1602 1403 1796 1459 omnique
1817 1403 2070 1453 rectitudine,
2092 1401 2132 1444 Bc
2144 1415 2221 1456 per

266 1472 528 1514 consequens,
543 1466 626 1501 totu
634 1473 673 1500 m
690 1459 819 1513 fuisse
830 1468 1088 1514 corruptum.
1105 1460 1163 1502 Et
1180 1464 1274 1515 post
1290 1462 1334 1502 in
1346 1462 1427 1503 fine
1444 1462 1716 1517 paragraphi:
1735 1462 1795 1504 Ab
1806 1461 2048 1518 Augusbino
2059 1467 2222 1516 praeter

267 1517 351 1560 alia
379 1518 501 1559 etiam
536 1516 679 1568 ἀταξία
711 1526 891 1570 vocatur,
910 1521 1056 1575 affecta
1073 1521 1262 1575 qualitas,
1291 1519 1332 1562 ἃ·
1349 1521 1543 1564 morbus.-
1560 1521 1802 1578 Siqnifieare
1817 1535 1912 1563 cum
1926 1521 2079 1575 primis
2095 1519 2222 1562 voluit

269 1584 448 1618 naturae
463 1576 770 1631 corruptionem
787 1591 834 1619 ac
847 1579 1108 1631 pravitatem.
1146 1580 1362 1633 Coepimus
1379 1580 1526 1622 deinde
1541 1581 1745 1634 explicare
1761 1584 1900 1636 effecta
1915 1580 2042 1635 hujus
2055 1579 2220 1634 peccati.

272 1634 446 1677 Aretius
464 1635 506 1677 in
523 1635 731 1678 Examine
748 1636 935 1692 theolog.
954 1637 1031 1679 loc.
1052 1638 1090 1679 3.
1111 1638 1182 1692 qui
1201 1640 1264 1680 est
1282 1639 1330 1680 de
1347 1641 1518 1693 peccato
1535 1638 1733 1694 originali
1749 1654 1790 1694 p.
1812 1639 1909 1680 105.

855 1752 980 1808 Quid
1000 1756 1076 1802 est
1093 1756 1356 1816 peecatum
1375 1756 1644 1818 originale?

328 1868 400 1910 Est
434 1868 556 1910 totius
577 1875 757 1910 naturae
772 1868 984 1910 humanae
1005 1869 1245 1924 depravatio
1262 1885 1309 1913 ae
1329 1872 1553 1926 corruptio.
1598 1872 1746 1914 Veteres
1763 1872 2027 1928 definierunt,
2045 1871 2155 1927 quod
2170 1871 2222 1913 sit

270 1927 449 1969 carentia
458 1927 633 1982 justitae
649 1927 879 1982 oriqinalis,
899 1941 1003 1983 quae
1016 1928 1147 1973 inesse
1159 1929 1308 1972 debuit.
1320 1929 1502 1972 Polanus
1515 1931 1541 1972 l.
1553 1931 1592 1972 6.
1606 1930 1784 1985 syntag.
1797 1945 1831 1973 0.
1844 1931 1882 1971 3.
1897 1945 1936 1984 p.
1953 1930 2051 1971 337.
2065 1929 2221 1971 Positi-

271 2000 371 2027 vum
383 1986 448 2027 hic
461 1986 730 2041 intelliqimus
741 2000 829 2027 non
840 2000 928 2028 rem
940 1986 1224 2030 subsistentem
1237 1989 1263 2030 it
1271 1989 1358 2031 Deo
1370 1990 1591 2040 conditam,
1604 1990 1674 2031 sed
1690 1989 1801 2045 quod
1811 2003 1898 2031 non
1914 1997 1970 2031 est
1985 1989 2224 2044 simpliciter

272 2044 389 2093 nihil,
413 2058 485 2086 nee
501 2045 677 2100 simplem
689 2045 868 2099 privatio
886 2046 990 2088 sieut
1008 2060 1119 2089 mors
1135 2055 1191 2089 est
1205 2048 1384 2102 privatio
1400 2049 1508 2090 vitae
1521 2056 1593 2090 aut
1611 2048 1796 2091 tenebrae
1806 2056 1905 2090 sunt
1914 2048 2093 2103 privatio
2106 2047 2224 2096 lucis;

272 2104 342 2145 sed
357 2104 469 2159 quod
483 2104 613 2146 simul
627 2111 682 2145 est
704 2104 879 2158 defectus
906 2103 946 2146 ‹9c
963 2105 1180 2149 destructio
1197 2107 1256 2148 rei
1266 2108 1466 2161 positivae
1481 2108 1506 2149 a
1523 2108 1609 2150 Deo
1625 2115 1794 2159 creatae,
1816 2106 1857 2149 a·
1872 2107 2038 2149 habitus
2054 2107 2223 2149 vitiosus

272 2163 452 2205 eoecitans
493 2161 533 2204 a
567 2163 740 2218 qiqnens
776 2170 913 2205 motus
945 2164 1128 2207 internos
1147 2164 1188 2207 a·
1203 2173 1390 2207 eoeternos
1408 2167 1434 2207 a
1452 2167 1532 2221 leqe
1548 2166 1627 2209 Dei
1642 2165 1878 2208 aberrantes
1893 2167 2060 2222 Deoque
2076 2166 2222 2220 displi-

273 2229 414 2264 centes.
449 2222 732 2266 Nihilominus
749 2226 852 2264 recte
868 2224 1194 2277 concupiscentia
1212 2225 1284 2266 illa
1301 2225 1453 2267 dicitur
1465 2225 1660 2279 privatio,
1678 2226 1776 2281 quia
1792 2234 1847 2268 est
1864 2225 2067 2268 aberratio
2083 2239 2110 2267 a
2124 2225 2225 2279 Leqe

274 2280 364 2323 Dei.
381 2279 558 2322 Rivetus
575 2281 619 2321 in
636 2281 806 2335 synopsi
823 2281 950 2323 theol.
969 2281 1152 2325 Profess.
1167 2282 1280 2325 Leid.
1300 2283 1405 2338 disp.
1421 2284 1488 2325 15.
1500 2284 1613 2325 thesi
1630 2284 1698 2325 26.
1719 2284 1939 2339 Scriptura
1954 2292 2055 2326 certe
2070 2283 2224 2340 quoties

274 2347 481 2394 peecatum
498 2340 700 2395 oriqinale
714 2339 830 2382 nobis
849 2341 1051 2392 insinuat,
1073 2355 1159 2384 non
1178 2356 1335 2384 meram
1349 2343 1638 2397 privationem,
1656 2343 1726 2385 sed
1743 2344 1904 2399 aliquid
1920 2342 2225 2399 quodammodo

273 2399 510 2453 positivum,
549 2399 594 2440 id
623 2406 692 2450 est,
724 2400 1039 2457 affirmativum,
1057 2403 1153 2444 solet
1177 2402 1406 2444 inculeare.-
1428 2402 1635 2444 nimirum
1654 2404 1730 2445 tale
1746 2403 1895 2445 vitium
1915 2416 1996 2458 quo
2013 2415 2107 2443 caro
2124 2415 2224 2443 0011-

277 2457 453 2511 cupiscit
484 2457 680 2499 adversus
714 2457 924 2511 spiritum,
952 2459 995 2501 id
1010 2467 1080 2511 est,
1095 2474 1171 2515 per
1187 2461 1298 2516 quod
1314 2460 1435 2503 homo
1451 2461 1507 2502 ad
1530 2462 1688 2503 malum
1708 2475 1886 2515 pronus,
1910 2461 1950 2504 a·
1968 2460 2133 2502 divinae
2149 2460 2225 2514 leqi

277 2516 510 2558 contrarius
543 2517 593 2558 sit
605 2532 620 2565 ;
652 2524 694 2559 ut
721 2515 843 2558 Rom.
867 2516 907 2558 6.
929 2518 994 2559 12.
1018 2517 1214 2560 Amesius
1233 2519 1305 2560 lib.
1327 2520 1367 2562 1.
1383 2520 1591 2561 medullae
1609 2535 1698 2574 cap.
1721 2520 1787 2561 13.
1804 2519 1916 2561 thesi
1949 2520 1987 2560 5.
2007 2520 2225 2561 Peccatum

278 2574 351 2615 hoe
382 2575 534 2616 dicitur
564 2575 802 2617 exorbitatio
833 2576 894 2617 vel
924 2577 1098 2620 deviatio
1129 2578 1324 2629 hominis,
1358 2579 1455 2634 quia
1486 2587 1541 2621 est
1567 2579 1612 2620 in
1628 2579 1794 2620 homine
1809 2578 2031 2621 habitualis
2044 2577 2225 2632 privatio

279 2633 579 2687 conformitatis
611 2633 761 2676 debitae
792 2635 848 2676 ad
880 2635 1003 2690 leqem
1036 2636 1155 2692 [pag.
1177 2637 1312 2692 1091]
1329 2637 1491 2679 homini
1511 2638 1750 2692 impositam
1765 2651 1792 2679 a
1808 2636 1905 2688 Deo,
1923 2638 1968 2678 in
1988 2650 2072 2692 qua
2089 2635 2225 2678 debuit

280 2691 494 2733 anibulare
526 2700 726 2747 tanquam
761 2694 805 2735 in
821 2694 887 2734 via
904 2708 994 2735 sua.
1028 2694 1266 2737 Maccovius
1283 2696 1326 2737 in
1344 2697 1449 2750 disp.
1468 2697 1591 2737 locor.
1611 2708 1819 2738 commun.
1836 2697 1945 2750 part.
1969 2696 2008 2736 2.
2027 2694 2132 2748 disp.
2155 2694 2224 2736 14.

280 2764 319 2803 p.
345 2749 443 2790 257.
470 2750 657 2805 Theoloqi
670 2753 856 2805 primam
870 2761 1034 2806 partem
1049 2762 1194 2797 vocant
1211 2755 1452 2810 qualitatem
1466 2755 1732 2810 privativam,
1751 2754 1973 2797 secundam
1987 2753 2224 2809 positivam.

342 2808 523 2850 Positiva
560 2823 646 2850 non
681 2811 818 2853 Ethice
853 2823 925 2852 nee
958 2812 1132 2866 Pliisiee,
1165 2827 1267 2856 nam
1303 2827 1398 2857 cum
1433 2814 1612 2870 qualitas
1642 2813 1780 2856 Ethice
1807 2813 1982 2869 positiva
2013 2812 2064 2854 sit
2079 2812 2224 2912 virtus,

2055 2872 2093 2914 P
2119 2870 2226 2928 ysiee
