2399 3084
267 99 350 142 184
426 100 579 143 ]3151».
614 97 711 140 VII.
744 98 1186 139 PROBLEMATUM
1218 112 1280 138 DE
1312 96 1553 140 Mssairo
1587 97 1841 140 Gnn1s⁷r1
1874 98 2024 140 PARS
2055 98 2111 140 II.

322 222 367 267 2.
401 221 434 264 Ι.
467 222 704 276 Quaeritur,
737 222 803 264 An
819 221 1044 263 rationalis
1065 223 1259 263 creatura
1281 220 1371 263 Deo
1389 222 1603 277 obligetur
1620 222 1647 264 &
1666 221 1815 263 debeat
1832 221 2132 276 subjectionem
2148 238 2216 264 ra-

264 281 478 332 tionalem,
513 296 585 322 seu
604 280 909 322 obedientiam:
930 280 989 321 ita
1016 282 1063 321 ut
1085 280 1289 321 relaxatio
1309 283 1382 321 aut
1400 281 1610 335 exemptio
1628 281 1680 322 ab
1696 281 1775 322 hoc
1791 281 1976 322 naturali
1994 281 2170 333 vinculo,
2190 283 2219 324 &

265 340 317 381 ab
335 340 413 381 hac
432 339 709 393 dependentia
724 339 764 379 in
787 354 875 380 esse
892 338 1062 390 morali,
1086 339 1458 381 contradictionem
1475 339 1724 394 implicaret.
1757 339 1811 381 Π.
1831 339 1899 381 An
1917 339 2080 381 defectu
2097 340 2218 381 istius

266 398 541 447 obedientiae,
577 398 792 452 obligetur
824 398 876 438 ad
908 398 1298 452 compensationem
1329 399 1562 452 poenalem,
1595 413 1675 439 non
1705 401 1871 439 tantum
1889 413 1938 439 ex
1954 398 1995 439 vi
2018 398 2172 440 decreti
2191 400 2219 441 81

266 457 374 511 legis
409 456 588 507 divinae,
624 457 695 497 sed
728 456 856 497 etiam
890 471 939 497 ex
973 457 1013 497 vi
1041 457 1232 511 justitiae
1265 457 1493 498 naturalis:
1517 457 1577 498 ita
1596 459 1642 498 ut
1660 457 1897 511 oppositum
1917 457 2018 511 ejus,
2037 458 2217 499 exemtio

269 515 359 556 scil.
384 515 436 555 ab
459 514 541 555 ista
557 529 706 569 poena,
726 515 755 557 81
773 514 966 556 remissio
983 518 1249 569 peccatorum
1267 515 1356 556 sine
1369 515 1669 566 satisfactione,
1684 516 1929 569 implicaret.
1956 515 2044 557 Nos
2056 519 2215 557 utrum·

269 588 354 628 que
388 573 431 613 in
464 573 571 628 disp.
606 574 654 615 cle
683 574 785 615 dure
810 573 851 616 ἃ
868 574 1037 616 lustitia
1054 575 1144 625 Dei,
1163 577 1237 630 aff.
1270 574 1327 615 Et
1344 590 1471 629 supra
1492 574 1767 616 indicavimus
1790 574 1972 615 Antores
1996 574 2218 627 ἑμεψὴφους,

269 632 424 674 saltem
462 634 623 673 exserte
642 633 751 686 quod
769 633 820 673 ad
836 633 1044 687 posterius
1068 632 1206 673 Probl.
1224 649 1232 683 3
1252 633 1408 687 quippe
1425 634 1575 687 prioris
1599 633 1791 674 distincte
1809 635 1838 675 81
1860 633 1901 673 111
1919 633 2112 674 terminis
2130 648 2218 674 om-

270 705 345 731 nes
365 705 448 731 non
471 690 531 731 ita
548 691 843 742 meminerunt,
861 693 1052 746 quamvis
1070 692 1303 733 necessario
1322 692 1742 746 praesupponendum
1764 692 1837 733 sit:
1860 691 1957 733 Uno
1975 692 2085 732 enim
2103 692 2218 733 affir-

271 751 398 799 mato,
427 750 457 791 81
490 749 669 791 alterum
698 749 903 791 affirmari
930 751 1065 802 debet,
1094 753 1166 791 aut
1187 753 1412 804 utrumque
1430 751 1591 806 negari.
1625 750 1702 792 ΙΠ.
1721 751 1787 792 An
1804 753 2021 804 peccatum
2044 751 2092 792 de
2108 749 2219 792 facto

269 810 482 849 mereatur
513 823 692 862 poenam
726 808 968 850 infinitam?
1002 808 1099 860 Seu,
1126 809 1192 851 Ait
1221 824 1271 850 ex
1289 809 1330 850 vi
1347 809 1433 851 sive
1451 810 1657 851 naturalis
1671 809 1862 864 justitiae
1879 808 1972 860 Dei,
1992 809 2079 850 sive
2098 809 2219 851 liberi

273 866 428 908 decreti
463 866 511 908 de
540 867 633 920 jure
661 869 875 908 mereatur
891 870 965 909 aut
982 868 1134 908 mereri
1151 868 1284 922 possit
1301 883 1478 922 poenam
1496 868 1739 909 infinitam?
1773 869 1890 923 Resp.
1920 869 2100 924 Vasquez
2117 869 2163 910 in
2182 869 2218 909 1.

273 926 312 966 2.
331 933 483 981 quaest.
505 925 573 967 87.
592 933 670 967 art.
690 926 729 966 4.
748 926 878 967 refert
896 926 1140 967 Pontificios
1163 928 1366 981 quosdam
1389 927 1615 969 affirmare.
1649 927 1743 981 Ipse
1761 929 1916 978 tamen,
1935 927 2090 981 aliique
2109 942 2219 968 com-

272 986 529 1025 mentatores
547 984 824 1025 communiter
842 1000 935 1026 011111
960 987 996 1027 T
992 985 1116 1027 homst
1136 987 1207 1027 loc.
1227 987 1289 1027 eit.
1308 988 1480 1041 negant.
1513 986 1631 1036 Quod
1649 986 1840 1040 quamvis
1858 986 2041 1040 obsective
2057 985 2221 1027 infinita

273 1042 353 1083 dici
381 1045 537 1096 posset,
557 1046 776 1096 quatenus,
794 1043 934 1097 privat
951 1043 1142 1085 homines
1165 1044 1328 1086 infinito
1350 1045 1471 1093 bono,
1491 1044 1581 1086 Deo
1600 1045 1687 1086 scil.
1714 1045 1855 1086 Matth.
1879 1044 1946 1085 25.
1967 1046 2005 1085 2.
2033 1046 2161 1086 Thess.
2182 1045 2218 1085 1.

274 1101 312 1141 9.
329 1116 338 1150 ;
366 1100 493 1141 etiam
526 1102 740 1153 extensive,
774 1102 873 1156 quia
906 1103 1029 1143 durat
1060 1102 1103 1143 in
1136 1105 1376 1144 aeternum:
1411 1103 1584 1145 minime
1616 1106 1759 1158 tamen
1778 1118 1898 1157 posse
1916 1103 1996 1144 dici
2015 1103 2221 1144 infinitam

274 1159 484 1210 intensive,
520 1159 607 1201 sive
633 1161 744 1215 quod
762 1161 813 1201 ad
830 1175 1008 1215 poenam
1033 1161 1187 1213 damni,
1206 1161 1284 1203 hoc
1302 1165 1378 1213 est,
1397 1162 1716 1216 possessionem,
1735 1163 1765 1204 81
1787 1177 1955 1204 sensum
1977 1161 2222 1216 privationis

274 1219 303 1261 &
338 1218 587 1272 abjectionis
620 1221 643 1260 a
670 1219 778 1260 facie
802 1219 957 1261 infiniti
979 1220 1091 1270 boni,
1112 1220 1140 1262 &
1158 1220 1378 1261 tristitiam
1396 1221 1444 1261 de
1468 1236 1539 1271 ea;
1558 1221 1644 1262 sive
1663 1221 1772 1276 quod
1795 1221 1846 1262 ad
1863 1235 2040 1274 poenam
2063 1235 2220 1272 sensus,

273 1277 416 1332 ignem
449 1277 536 1318 scil.
570 1278 636 1319 vel
668 1277 899 1319 cruciatum
932 1278 1196 1320 infernalem.
1230 1279 1383 1321 Confer
1404 1280 1615 1322 Amesium
1639 1295 1712 1334 per
1734 1279 2046 1320 distinctionem
2063 1279 2222 1321 concise

274 1335 337 1376 ita
371 1335 723 1378 determinantem
756 1337 822 1378 tib.
851 1338 888 1377 1.
907 1338 1110 1379 Medallae
1126 1352 1214 1392 cap.
1238 1338 1304 1379 16.
1325 1339 1396 1379 sed
1414 1338 1505 1380 fuse
1523 1338 1659 1394 magis
1678 1339 1706 1381 &
1724 1339 1893 1393 quidem
1911 1338 2221 1380 accuratissime

278 1392 499 1436 Robertwn
517 1395 754 1437 Baronium
772 1396 816 1436 «in
835 1404 948 1438 tract.
968 1397 1016 1438 sle
1029 1405 1188 1451 peceato
1207 1398 1375 1439 mortali
1387 1405 1498 1452 part.
1519 1399 1557 1438 2.
1577 1405 1666 1439 sect,
1685 1397 1723 1437 6.
1758 1397 1814 1437 Et
1831 1396 2094 1439 Seliolastieos
2111 1398 2168 1439 ad
2185 1398 2222 1438 3.

276 1453 322 1494 in
341 1454 640 1508 supplemento,
659 1462 814 1510 quaest.
834 1455 902 1496 99.
921 1463 999 1497 art.
1028 1458 1063 1496 1.
1084 1456 1121 1496 2.
1143 1457 1166 1495 3
1200 1456 1239 1496 4.
1261 1456 1298 1497 5.
1319 1455 1520 1497 Rationes
1538 1457 1643 1498 istae
1662 1456 1818 1497 adferri
1839 1458 2027 1510 possunt.
2053 1458 2090 1497 1.
2118 1457 2224 1509 Quia

276 1511 374 1552 talis
393 1526 527 1565 poena
545 1526 628 1553 11011
650 1515 714 1554 est
731 1513 966 1567 possibilis:
985 1529 1120 1568 neque
1141 1515 1253 1555 enim
1278 1515 1399 1556 finita
1417 1518 1608 1556 creatura
1626 1530 1756 1569 capax
1774 1517 1837 1556 est
1853 1514 2113 1556 infinitorum
2131 1530 2224 1557 cru-

278 1569 477 1611 ciatuum.
513 1571 550 1611 2.
580 1571 689 1624 Quia
707 1575 965 1626 sequeretur,
983 1572 1121 1614 Deum
1138 1588 1220 1614 non
1238 1588 1360 1628 posse
1374 1574 1565 1628 justitiae
1584 1589 1684 1615 suae
1701 1573 1943 1615 satisfacere
1960 1573 2111 1628 impios
2128 1589 2224 1615 con-

279 1628 404 1683 digne
437 1628 671 1683 puniendo;
694 1645 776 1671 non
807 1630 917 1672 enim
936 1633 1034 1672 sunt
1050 1647 1221 1686 capaces
1238 1632 1365 1687 hujus
1382 1647 1561 1686 poenae:
1587 1632 1704 1686 atqui
1722 1632 1950 1673 absurdum
1969 1635 2029 1674 est
2046 1647 2225 1687 poenam

277 1687 460 1740 aliquam
493 1687 542 1729 de
555 1688 652 1742 jure
671 1689 853 1743 peccatis
872 1689 1026 1741 deberi,
1048 1705 1173 1744 quam
1194 1691 1311 1732 Deus
1328 1706 1544 1745 nunquam
1560 1694 1702 1746 posset
1718 1691 1926 1745 infligere.
1959 1691 1997 1732 3.
2035 1692 2143 1745 Quia
2160 1707 2224 1733 se-

276 1747 488 1799 queretur,
519 1746 719 1788 omnibus
741 1748 924 1802 peccatis
942 1749 1162 1802 aequalem
1178 1764 1354 1804 poenam
1371 1750 1526 1803 deberi,
1546 1753 1619 1791 aut
1636 1749 1775 1791 omnia
1795 1750 1843 1790 de
1865 1749 1975 1791 facto
1994 1751 2226 1804 aequaliter

276 1803 440 1858 puniri:
480 1805 593 1858 quod
627 1805 854 1847 absurdum
877 1807 906 1848 81
930 1810 1075 1849 contra
1094 1808 1236 1851 March.
1257 1809 1323 1848 11.
1344 1809 1413 1849 22.
1438 1809 1505 1849 24.
1537 1808 1664 1850 Ratio
1681 1808 2001 1862 consequentiae
2022 1812 2097 1861 est,
2117 1810 2227 1863 quod

278 1862 389 1903 inter
410 1862 579 1904 infinita
600 1864 629 1905 81
648 1865 861 1906 extensive
880 1866 909 1907 81
932 1866 1138 1907 intensive
1156 1867 1274 1908 nulla
1290 1867 1345 1908 sit
1362 1867 1598 1921 disparitas.
1634 1867 1673 1909 4.
1703 1867 1810 1919 Quia
1827 1867 1949 1921 culpa
1965 1867 2147 1909 hominis
2165 1871 2228 1909 est

278 1920 399 1962 finita
432 1936 515 1962 non
549 1937 646 1963 vero
679 1923 886 1965 intensive
918 1924 1107 1966 infinita:
1143 1925 1263 1981 [pag.
1299 1925 1406 1981 243]
1430 1926 1516 1967 sive
1534 1926 1732 1981 respicias
1749 1926 1969 1967 entitatem
1992 1929 2109 1967 actus
2127 1927 2226 1967 sub—

279 1979 401 2020 strati
417 1995 425 2029 ;
448 1995 583 2034 neque
602 1980 714 2022 enim
732 1983 755 2023 a
773 1982 893 2023 finita
910 1986 1102 2024 creatura
1117 1987 1258 2038 potest
1276 1984 1369 2026 elici
1387 1987 1503 2026 actus
1520 1985 1682 2026 infinite
1699 1985 1910 2026 intensus:
1931 1984 2017 2026 sive
2029 1985 2228 2039 respicias

278 2036 440 2088 ἀταξίαν
457 2042 530 2079 aut
548 2039 830 2093 privationem
848 2042 960 2083 actui
979 2042 1274 2084 adhaerentem
1291 2059 1299 2093 3
1318 2058 1424 2098 quae
1443 2046 1505 2084 est
1521 2043 1702 2097 privatio
1719 2043 1863 2084 finitae
1880 2043 2142 2085 rectitudinis
2154 2059 2228 2086 seu

278 2095 583 2138 conformitatis
617 2112 711 2139 cum
744 2099 838 2154 lege
855 2114 864 2140 t
884 2100 970 2141 sive
988 2101 1187 2155 respicias
1204 2104 1342 2143 totum
1359 2102 1635 2156 complexum,
1653 2104 1870 2156 peccatum
1888 2102 1976 2144 scil.
1996 2103 2227 2144 concretive

279 2154 599 2207 consideratum,
634 2171 768 2211 neque
803 2158 914 2199 enim
938 2174 1059 2213 pares
1086 2164 1184 2201 sunt
1201 2175 1344 2202 omnes
1362 2163 1479 2202 actus
1498 2161 1660 2203 vitiosi:
1686 2161 1757 2202 sed
1775 2161 1998 2202 admodum
2017 2161 2225 2215 dispares3

281 2213 389 2266 quod
422 2214 512 2255 fieri
544 2229 627 2256 non
660 2218 814 2269 posset,
843 2217 877 2258 si
898 2217 1053 2258 infiniti
1072 2221 1222 2260 essent.
1257 2219 1457 2268 Quamvis
1476 2219 1686 2260 fateamur
1706 2222 1925 2273 peccatum
1948 2219 2089 2274 aliquo
2106 2220 2228 2261 modo

280 2285 400 2325 posse
436 2272 517 2314 dici
538 2273 764 2323 infinitum,
782 2277 874 2316 tum
892 2275 1073 2331 objective
1097 2278 1125 2318 81
1144 2278 1388 2329 extrinsece,
1408 2280 1614 2331 quatenus
1632 2278 1910 2319 committitur
1927 2281 2070 2319 contra
2087 2278 2229 2319 infini-

281 2332 372 2370 tum
402 2330 557 2372 bonum
573 2348 581 2381 ;
608 2334 700 2373 tum
717 2335 930 2386 eoetensive,
953 2335 1119 2376 ratione
1138 2336 1384 2387 durationis,
1403 2337 1513 2390 quod
1531 2337 1697 2381 macula
1714 2351 1786 2378 seu
1804 2337 1920 2378 labes
1943 2337 2032 2391 ejus
2050 2337 2170 2378 duret
2186 2337 2229 2378 in

283 2390 514 2441 aeternum,
540 2405 589 2431 ex
606 2393 728 2445 parte
750 2393 960 2446 peccantis
979 2408 1033 2434 sc.
1054 2394 1124 2448 qui
1150 2409 1199 2435 ex
1218 2409 1260 2435 se
1278 2396 1307 2437 81
1330 2395 1492 2435 seclusa
1509 2394 1589 2436 Dei
1611 2395 1896 2437 misericordia
1913 2395 2118 2436 liberante
2136 2410 2228 2437 eam

282 2461 497 2500 nunquam
532 2464 765 2504 expurgare
801 2453 953 2504 potest,
984 2453 1013 2495 81
1029 2455 1331 2507 consequenter
1347 2453 1485 2507 ipsum
1502 2453 1545 2493 in
1564 2457 1780 2495 aeternum
1798 2454 1911 2495 coelo
1930 2454 2180 2504 excluderet,
2199 2455 2228 2496 81

282 2505 425 2557 poenis
458 2506 737 2549 infernalibus
771 2510 1007 2564 subjiceret.
1041 2510 1116 2552 IV.
1150 2513 1216 2552 An
1252 2511 1438 2552 damnati
1455 2512 1498 2552 in
1515 2512 1678 2553 inferno
1701 2527 1750 2553 ex
1772 2512 2022 2553 necessitate
2036 2512 2227 2566 justitiae

285 2562 462 2615 divinae,
497 2565 739 2620 obligentur
761 2568 886 2608 simul
910 2569 961 2609 ad
984 2569 1170 2610 debitam
1187 2570 1294 2623 legis
1312 2570 1595 2612 obedientiam
1612 2572 1641 2613 81
1659 2572 1710 2612 ad
1727 2585 1926 2625 poenam3
1947 2585 1999 2611 an
2016 2585 2113 2611 vero
2135 2573 2229 2611 tan-

285 2623 375 2660 tum
409 2622 460 2662 ad
496 2638 673 2676 poenam
707 2626 1037 2679 substinendam,
1068 2627 1128 2669 sic
1144 2630 1191 2669 ut
1208 2629 1401 2682 quamvis
1418 2629 1665 2681 invidentes,
1682 2629 2026 2683 blasphemantes
2046 2629 2111 2670 &c.
2129 2631 2229 2670 tunc

285 2693 366 2719 non
399 2684 582 2732 peccent,
615 2686 687 2723 aut
719 2688 937 2737 peccantes
970 2687 1119 2728 saltem
1152 2702 1232 2728 non
1263 2690 1503 2729 mereantur
1524 2703 1692 2742 poenas.
1727 2689 1845 2742 Hesp.
1864 2688 2101 2730 Scholastica·
2116 2688 2172 2729 ad
2189 2688 2227 2728 3.

293 2737 469 2779 Thomae
495 2740 561 2794 (in
588 2744 891 2799 supplemento)
909 2754 1061 2801 quaest.
1083 2746 1150 2786 98.
1170 2753 1248 2787 art.
1267 2746 1306 2787 6.
1326 2747 1604 2788 communiter
1621 2749 1827 2798 statuunt,
1846 2748 1941 2800 post
1959 2745 2067 2787 diem
2081 2745 2230 2800 judicii

286 2797 449 2838 nullum
481 2797 615 2839 locum
650 2803 734 2842 fore
767 2803 940 2854 merit03
975 2804 1165 2858 quamvis
1195 2805 1422 2847 concedant
1442 2806 1574 2860 aliqui
1592 2806 1809 2847 damnatos
1832 2807 1856 2846 a
1873 2807 2006 2846 morte
2024 2819 2155 2860 usque
2178 2804 2230 2846 ad

2115 2863 2227 2917 judi-
