2399 3084
322 96 478 139 D1sp.
513 96 598 139 VI.
632 97 710 139 DE
743 97 1207 141 PROPAGATIONE
1240 99 1500 141 ΡΕοοΛΤῐ
1533 99 1917 145 OmotNALxs.
2013 103 2094 144 159

147 221 259 276 quod
289 220 455 262 animas
472 219 645 262 demittit
662 221 708 262 in
729 235 902 276 corpora
926 229 1127 278 tanquam
1145 223 1189 264 in
1207 223 1295 266 loca
1313 224 1522 278 supplicii,
1542 225 1786 278 confutant:
1803 226 1945 282 quales
1962 240 2012 269 eoe
2029 241 2095 269 ve-

149 279 299 321 teribus
330 278 474 333 Cyrill.
509 279 741 321 Alexansla.
778 282 816 322 1.
850 281 891 321 in
924 280 1021 322 Joh.
1056 296 1145 335 cap.
1179 282 1219 324 9.
1248 281 1404 335 Epiph.
1429 282 1550 335 epist.
1570 283 1633 323 ad.
1652 282 1752 326 Joh.
1775 284 2095 339 Hierosolymit.

149 338 330 392 August.
342 337 464 391 epist.
480 339 548 378 28.
567 352 615 379 (¹oe
633 339 922 381 recentioribus
942 339 1186 380 Bellamnin.
1206 340 1277 380 lib.
1299 343 1337 381 4.
1349 340 1398 381 (le
1409 342 1892 395 grat.&statupeccatic.
1910 345 2041 385 11.—
2056 345 2094 386 4.

148 396 261 450 quia,
294 410 342 438 cac
366 397 740 452 praestantioribus
759 398 949 453 tlteoloqis
966 399 1098 453 aliqui
1119 399 1352 440 accuratius
1370 399 1446 439 liae
1462 413 1505 440 re
1524 414 1729 454 perpensa
1750 410 1901 444 eoeserte
1921 404 2096 445 modum

148 455 259 497 hicne
283 455 470 509 refutant
497 455 536 497 ἃ
563 456 775 509 rejiciunt:
802 457 909 498 inter
935 470 1038 512 quos
1063 456 1276 499 Danaeus.
1301 472 1341 511 p.
1361 456 1615 512 43.1sag0g.
1639 473 1672 500 c.
1695 460 1761 500 18.
1780 461 1809 503 δι
1830 461 1895 502 19.
1915 460 2096 503 Ursinus

147 513 269 554 niodo
301 514 370 555 eit.
390 513 521 555 Andr.
542 513 716 555 Rivetus
740 515 783 555 in
801 515 906 569 disp.
930 515 981 555 15
999 515 1110 556 thesi
1137 516 1202 556 15.
1227 515 1268 555 in
1288 516 1458 569 synopsi
1476 515 1622 557 Theol.
1642 517 1693 558 D.
1712 518 1885 572 profess.
1906 518 2095 562 Leidens.

149 572 186 612 5.
224 572 322 625 quia
354 580 518 614 autores
550 573 677 627 liujus
708 574 918 627 opinionis
943 586 1030 614 non
1048 574 1148 614 satis
1166 574 1353 615 distincte
1369 588 1410 615 se
1430 573 1470 616 ἃ
1487 576 1723 629 opinionem
1741 590 1860 619 suam
1879 580 2095 632 eoeplicant,

147 631 211 672 An
244 643 383 674 semen
415 632 464 673 sit
496 631 721 685 subiectum
756 632 975 673 inhaerens
1001 633 1155 686 peccati
1176 633 1393 686 oriqinalis
1410 633 1529 675 istius
1546 634 1757 676 individui
1772 650 1804 677 c.
1826 650 1864 691 q.
1891 638 1987 679 Titii
2001 652 2093 680 eum

147 697 245 730 esset
264 690 306 732 in
320 703 488 744 corpore
497 691 632 744 patris
645 690 685 732 a·
695 691 854 740 matris,
872 704 929 731 an
942 704 1034 732 rero
1046 704 1140 732 eum
1157 699 1255 732 essct
1273 692 1453 733 deeiswn
1475 691 1515 733 a·
1531 693 1696 748 quidem
1714 695 1769 735 ad
1785 697 2096 750 conceptionem,

147 761 204 789 an
226 762 366 790 neum
382 749 480 790 inde
495 749 660 804 embryo
677 748 856 803 formari
872 756 1033 803 coeptus
1050 757 1160 791 esset.
1180 751 1382 801 Rursum,
1400 752 1465 792 An
1483 765 1631 806 corpus
1655 753 1748 794 Titii
1755 754 1848 807 jam
1865 755 2093 808 formatum

148 807 323 848 instanti
354 815 449 849 ante
475 808 773 849 anim-ationem
804 808 855 849 sit
883 808 1108 862 subjectum
1136 809 1320 862 ejusdem
1339 810 1499 865 qeneris
1520 824 1615 851 cum
1637 812 1792 854 semine
1813 813 1926 856 unde
1945 827 2095 868 corpus

149 866 252 920 ipsis
284 867 517 920 formatum
529 881 544 915 ;
575 865 641 907 An
680 865 720 908 a·
741 867 946 921 quomodo
964 880 1110 908 semem
1130 868 1238 909 illud
1254 869 1305 909 sit
1321 875 1395 909 aut
1411 869 1483 925 siat
1505 868 1731 923 subjeetum
1749 871 1960 914 individui
1976 873 2095 915 istius

146 925 296 977 peccati
326 925 543 979 oriqinalis
575 938 607 965 e.
635 938 672 979 9.
699 925 804 975 Titii,
833 924 873 966 a·
894 926 1021 967 simul
1038 926 1380 977 iiistrumentum,
1399 941 1470 969 seu
1487 941 1612 969 causa
1626 941 1702 982 per
1723 942 1763 971 sc
1779 929 1819 971 a·
1834 930 1978 973 directe
1991 945 2093 987 pro-

148 982 333 1025 ducens?
363 985 414 1024 Et
444 984 496 1024 sit
523 984 849 1026 instrumentuin
871 998 928 1026 an
945 992 1040 1026 (inte
1061 985 1303 1026 decisionem
1322 999 1379 1027 an
1395 994 1483 1040 post
1499 987 1742 1029 decisionem
1759 989 1815 1030 ad
1830 998 2067 1044 conceptum
2081 1008 2095 1041 ;

148 1055 195 1082 ac
223 1049 316 1096 post
342 1042 540 1083 iclzoatain
570 1042 806 1098 embryonis
826 1043 1134 1098 formationem,
1155 1057 1213 1085 an
1226 1052 1319 1098 post
1340 1045 1596 1094 absolutam;
1614 1060 1671 1087 an
1686 1055 1777 1100 post
1793 1049 2089 1092 animationem

148 1101 279 1154 foetus
295 1114 445 1155 eorpus
462 1102 512 1142 sit
529 1101 697 1143 demum
714 1103 786 1158 fiat
804 1102 1131 1144 instrumentum
1150 1103 1421 1145 traductionis
1438 1104 1482 1145 in
1499 1105 1701 1146 animam.
1728 1106 1848 1158 Quod
1865 1107 1901 1147 si
1914 1121 1989 1161 per
2004 1122 2093 1150 om-

148 1159 226 1202 nia
258 1159 327 1201 illa
360 1167 579 1211 momenta,
616 1159 657 1201 a·
688 1174 828 1201 omnes
861 1160 951 1202 illos
984 1161 1062 1216 (ita
1095 1161 1262 1217 loquar)
1280 1162 1484 1213 stationes,
1505 1163 1555 1204 sit
1578 1176 1663 1204 non
1687 1171 1853 1206 tantum
1870 1166 2091 1220 subjectarit

149 1217 417 1269 ‘e'nlzaesioniffi
440 1218 510 1259 sed
534 1217 575 1260 ἃ·
594 1232 720 1260 causa
739 1219 1071 1261 instrumentatis
1095 1220 1378 1271 traductionis,
1395 1228 1517 1275 atque
1531 1222 1631 1263 adeo
1650 1230 1861 1276 peccatum
1877 1225 1923 1265 in
1939 1239 1980 1266 se
1997 1239 2093 1267 con-

150 1276 275 1317 tineat
300 1276 340 1318 a·
356 1277 590 1331 formaliter
610 1276 650 1318 li·
666 1278 897 1320 virtualiter
908 1293 922 1326 ;
938 1278 1229 1332 eoeplieandum
1248 1286 1344 1320 essct
1361 1293 1418 1320 an
1434 1280 1615 1333 ejusdem
1632 1281 1746 1323 modi
1765 1280 1806 1323 a·
1821 1284 1981 1337 qeneris
1997 1298 2093 1326 con-

149 1335 320 1376 tinentia
341 1336 367 1376 a
381 1336 522 1389 primo
540 1336 596 1377 acl
611 1336 808 1378 ultimum
825 1336 890 1378 liic
911 1337 1129 1378 statuenda
1145 1337 1210 1387 sit,
1228 1351 1300 1379 nec
1316 1351 1367 1379 ne
1379 1338 1399 1378 f>
1418 1339 1580 1381 Necesse
1595 1346 1652 1380 est
1670 1340 1715 1381 in
1733 1341 1920 1383 terminis
1938 1342 2001 1383 liis
2018 1343 2094 1385 sibi

148 1400 353 1435 constent:
388 1395 577 1449 alioquin
609 1395 873 1451 difficultates
905 1409 992 1436 non
1008 1396 1165 1437 evolvit.
1210 1396 1326 1438 Video
1358 1397 1470 1438 «nim
1503 1411 1581 1448 eos,
1600 1405 1643 1440 ut
1664 1396 1705 1440 a·
1721 1399 1935 1453 opiniones
1958 1402 2096 1444 tertiae

149 1452 298 1507 (quam
331 1466 429 1494 mooe
446 1455 673 1494 consectar.
707 1454 744 1494 4.
779 1453 1036 1509 notabimus)
1068 1461 1278 1496 sectatores
1310 1455 1355 1496 in
1375 1469 1567 1510 processu
1584 1457 1833 1511 defensionis
1854 1459 2032 1512 variare,
2054 1459 2095 1503 a·

148 1511 270 1552 modo
302 1511 481 1553 absolute
507 1511 733 1566 subjectum
755 1513 877 1554 modo
903 1512 1128 1567 subjectum
1154 1514 1276 1569 quasi
1291 1522 1493 1556 remotum
1515 1514 1556 1556 ὃς
1572 1516 1789 1557 materiam
1812 1524 2093 1561 transeuntem

146 1570 309 1623 peccati,
322 1571 443 1612 modo
451 1583 622 1612 causam
636 1571 775 1625 potius
792 1572 874 1613 sive
891 1572 1148 1614 materialem
1165 1573 1246 1614 sive
1263 1573 1502 1629 efficientem
1517 1575 1740 1629 appellare.
1759 1574 1835 1617 III.
1856 1576 2091 1619 Consectar.

152 1628 230 1671 Nee
261 1636 448 1670 accurate
478 1630 578 1670 satis
594 1629 838 1685 loquuntur,
871 1631 944 1685 qui
976 1638 1292 1685 temperamento
1328 1633 1512 1686 corporis
1544 1636 1670 1687 atque
1703 1634 1804 1675 adeo
1827 1637 2093 1678 sensualitati

150 1689 354 1740 tanquam
381 1702 530 1728 causae
548 1688 736 1729 trahenti
752 1689 939 1729 animuin
958 1689 1150 1730 deorsum
1171 1691 1200 1731 Si
1222 1696 1392 1743 propter
1409 1690 1645 1732 absentiam
1661 1692 1853 1745 justitiae
1873 1694 2092 1749 originalis

149 1746 375 1787 necessario
409 1746 528 1801 [pag.
551 1746 686 1802 1102]
718 1747 792 1788 hoe
807 1748 957 1802 aqenti,
976 1761 1048 1789 seu
1068 1755 1270 1803 tanquam
1287 1749 1420 1790 allicio
1442 1747 1482 1790 a
1503 1750 1780 1792 sollicitationi
1791 1753 1945 1806 peccati
1965 1755 2092 1809 oriqi-

150 1804 262 1845 nalis
293 1812 434 1846 ortum
464 1812 537 1847 aut
569 1805 866 1847 incrementimn
896 1806 1147 1848 adscribunt.
1179 1808 1265 1848 Hoc
1281 1808 1389 1848 enim
1413 1811 1469 1849 est
1486 1807 1706 1850 obscurum
1719 1823 1796 1863 per
1812 1811 1942 1853 multo
1958 1814 2093 1867 maqis

150 1861 385 1914 obscurum,
405 1862 444 1905 a·
456 1863 615 1918 partim
631 1864 846 1914 incertum,
862 1865 1021 1918 partim
1036 1866 1207 1918 salsum,
1225 1866 1441 1918 explicare.
1465 1866 1592 1908 Hunc
1607 1867 1779 1910 modum
1795 1868 1944 1911 habent
1961 1869 2091 1912 Alen-

150 1920 218 1970 sis,
253 1920 564 1973 Bonaventura,
600 1921 640 1963 ἃ
670 1923 868 1964 nonnulli
898 1924 1130 1964 eanostris.
1166 1924 1286 1976 Quod
1316 1925 1452 1965 animi
1481 1938 1615 1966 mores
1630 1927 1751 1980 salso,
1769 1935 1841 1969 aut
1853 1929 2091 1982 periculose,

149 1987 221 2020 aut
253 1981 396 2022 saltem
427 1980 658 2022 indistincte
673 1982 869 2023 dieantur
885 1982 999 2037 sequi
1016 1989 1387 2036 temperamentum
1403 1983 1586 2037 corporis
1602 1985 1840 2028 notavimus
1855 1987 1901 2028 in
1918 1987 2022 2042 disp.
2042 1989 2092 2030 de

122 2064 125 2068 ν
151 2038 372 2079 creatione.
417 2037 542 2081 Velim
572 2040 696 2081 etiam
728 2040 777 2081 ab
811 2040 929 2082 istius
945 2041 1164 2082 sententiae
1181 2041 1418 2097 fautoribus
1434 2042 1644 2096 explicari,
1662 2045 1867 2099 quomodo
1889 2053 2091 2101 tempera-

151 2104 336 2138 mentum
367 2098 550 2151 eorporis
582 2099 829 2153 dispositum
846 2099 896 2140 sit
917 2098 957 2141 a·
972 2100 1162 2141 animam
1180 2100 1387 2154 disponat,
1406 2100 1582 2152 inclinet,
1600 2115 1647 2143 ac
1666 2103 1878 2156 pertrahat
1894 2105 1950 2146 ad
1965 2106 2091 2159 spiri-

153 2155 282 2196 tualia
315 2154 355 2198 a·
384 2156 583 2198 subtiliter
613 2158 746 2212 maqis
774 2165 937 2212 peccata
970 2172 1002 2199 e.
1026 2172 1089 2212 qr.
1112 2159 1388 2209 mendacium,
1403 2159 1655 2212 perjurium,
1673 2161 1876 2214 haeresin,
1892 2164 2089 2219 mayiam,

152 2213 404 2270 superbiam,
422 2214 640 2267 invidiam,
658 2216 907 2258 atlieismum
924 2217 997 2259 ἃὉ.
1015 2216 1090 2258 IV.
1111 2216 1298 2258 Consect.
1320 2218 1413 2260 Non
1431 2218 1531 2260 tollit
1547 2218 1833 2275 difficultatem
1849 2222 2000 2264 modus
2012 2223 2090 2275 ille,

152 2285 273 2327 quem
305 2279 505 2328 tanquam
537 2287 798 2317 communem
830 2275 1011 2331 defendit
1042 2275 1247 2316 Baronius
1278 2276 1489 2330 professor
1504 2276 1805 2321 Aberdonensis
1821 2280 1867 2321 in
1883 2280 2028 2333 Scotia,
2046 2281 2090 2323 in

154 2329 396 2384 Philosoph.
432 2331 656 2373 ancillante
688 2348 820 2375 exerc.
841 2334 880 2375 2.
898 2349 935 2375 a.
959 2335 999 2375 6.
1021 2334 1061 2375 a·
1075 2342 1170 2375 ante
1186 2335 1326 2389 ipsum
1345 2343 1546 2390 tanquam
1558 2336 1806 2389 peculiarem
1822 2339 2030 2393 quendam
2050 2339 2092 2382 ἃ·

152 2389 274 2444 quasi
285 2391 388 2430 nove
403 2390 673 2444 eoecoqitatum
690 2399 762 2433 aut
780 2393 1077 2447 interpolatum
1094 2393 1298 2434 indicarat
1320 2392 1664 2435 Keekermannus
1686 2395 1759 2436 lib.
1779 2396 1817 2437 2.
1836 2399 1939 2451 syst.
1960 2398 2089 2440 theo-

152 2447 237 2501 log.
265 2461 300 2488 e.
336 2447 402 2488 17.
420 2449 611 2490 Eundem
629 2450 800 2492 modum
817 2451 996 2506 defendit
1013 2450 1232 2506 Altingius
1249 2452 1291 2492 in
1309 2452 1583 2506 problematis
1604 2452 1830 2508 theologie.
1852 2457 1980 2498 statui
1995 2457 2091 2499 inde

152 2506 178 2546 ὰ
205 2506 438 2559 primordio
469 2507 743 2561 conceptionis
760 2509 973 2551 inhaerere
993 2511 1039 2552 in
1055 2511 1210 2552 semine
1229 2510 1270 2553 a·
1285 2510 1516 2565 embryone,
1537 2511 1607 2551 sed
1622 2511 1860 2565 inchoative,
1878 2515 2089 2569 dispositi-

152 2577 251 2605 vum
266 2565 546 2607 materialiter.
568 2566 646 2609 Nec
661 2567 859 2609 dissentit.
876 2567 1069 2609 Kelletus
1086 2569 1158 2609 lib.
1173 2568 1204 2610 Ι.
1218 2569 1375 2610 miscel.
1388 2568 1610 2623 theologie.
1625 2569 1814 2625 (Anqlice
1824 2573 2088 2630 scriptorum)

153 2635 244 2676 cap.
263 2623 302 2664 6.
324 2624 455 2676 Quasi
470 2624 631 2678 infectio
649 2625 880 2679 spiritualis
897 2634 995 2668 esset
1016 2628 1062 2668 in
1083 2628 1245 2678 semine,
1263 2641 1368 2682 quac
1383 2640 1470 2669 non
1490 2628 1542 2668 sit
1557 2635 1650 2670 actu
1666 2642 1738 2671 seu
1753 2630 1985 2684 formaliter
1997 2646 2088 2688 pec—

153 2687 303 2732 catum,
336 2682 406 2723 sed
435 2682 688 2724 virtualiter:
719 2685 922 2738 quomodo
954 2686 1117 2740 infectio
1135 2686 1180 2727 in
1197 2686 1350 2727 semine
1365 2686 1514 2739 leprosi
1529 2699 1615 2727 non
1633 2695 1690 2729 est
1706 2689 1821 2742 lepra
1842 2691 2088 2734 velmorbus

153 2738 397 2792 formaliter,
429 2741 498 2781 sed
529 2743 663 2783 solum
693 2743 935 2784 virtualiter.
972 2744 1075 2786 Cum
1107 2745 1180 2785 lice
1205 2745 1389 2786 convenit
1404 2745 1489 2799 fere
1503 2745 1715 2798 &plicatio
1733 2745 1933 2802 Zegeclini
1949 2749 1993 2790 in
2011 2750 2087 2791 loc.

153 2810 361 2839 commun.
381 2813 421 2852 p.
446 2799 542 2840 236.
562 2798 751 2841 'rhomae
773 2800 815 2840 in
839 2815 908 2854 qu.
931 2801 1037 2856 disp.
1055 2802 1104 2843 de
1121 2802 1318 2858 originali
1339 2817 1406 2855 qu.
1427 2804 1462 2843 4.
1484 2805 1562 2845 art.
1586 2803 1625 2845 4.
1644 2806 1674 2846 δι
1694 2804 1735 2845 in
1766 2807 1800 2847 1.
1825 2807 1864 2849 2.
1882 2821 1950 2861 qu.
1971 2808 2038 2849 83.
2058 2808 2106 2850 δι’

1953 2867 1991 2907 3.
2008 2868 2087 2909 art.
