2399 3084
244 144 326 186 190
387 141 534 187 DISP.
568 139 666 188 VII,
697 140 1147 183 PROBLEMATUM
1177 154 1240 182 DE
1271 138 1508 182 Meam-o
1541 140 1796 184 011111311
1827 140 1983 183 PARS
2014 139 2071 184 ΙΙ.

244 267 311 307 12.
346 267 414 307 14.
444 263 513 306 15.
547 264 588 305 4.
610 263 757 306 Dabit.
788 262 857 305 An
876 265 1174 318 argumentum
1191 264 1216 304 a
1232 262 1374 304 debito
1390 265 1535 305 nostro
1553 261 1606 302 ad
1623 258 1781 302 Christi
1799 262 1918 320 [pag.
1938 264 2046 320 250]
2065 279 2189 319 spon-

241 326 413 373 sionem,
447 324 476 365 &
508 338 676 364 rursum
695 324 718 363 a
735 321 895 364 Christi
912 322 1148 376 sponsione,
1168 322 1306 376 qualis
1325 322 1374 363 de
1391 321 1503 363 facto
1521 322 1573 363 ab
1590 320 1665 361 illo
1683 325 1878 376 suscepta
1896 323 1991 372 fuit,
2012 323 2189 365 solidam

243 382 585 437 consequentiam
616 381 720 423 facit
747 381 799 422 ad
820 381 1058 422 absolutam
1080 380 1375 422 necessitatem
1392 381 1490 422 talis
1508 378 1743 435 sponsionis
1766 382 1796 423 81
1812 382 1995 436 oppositi
2012 382 2188 423 absolu-

241 446 329 483 tam
361 440 763 495 impossibilitatem.
797 439 895 482 Non
927 442 1122 495 negatur,
1155 439 1370 480 hominem
1404 442 1665 493 peccatorem
1696 438 1887 482 debuisse
1905 444 2097 492 mortem,
2116 443 2190 482 aut

244 500 460 543 Christum
493 498 747 553 Sponsorem
781 499 1012 553 suscepisse
1045 513 1137 539 eam
1169 513 1244 552 pro
1275 498 1395 539 nobis
1428 498 1693 553 gustandam,
1717 499 1747 540 81
1764 502 2064 554 consequenter
2081 515 2131 541 ex
2149 499 2190 540 vi

240 558 502 601 voluntariae
524 557 757 612 sponsionis
776 558 805 599 81
828 557 1106 611 susceptionis
1129 571 1225 598 eum
1236 557 1331 611 jure
1348 557 1541 598 debuisse
1557 556 1689 598 mori:
1714 557 1785 598 sed
1802 558 2032 609 dubitatur,
2056 561 2130 599 aut
2145 558 2189 599 in

242 617 578 672 praesentiarum
600 616 645 657 in
661 616 799 657 medio
821 616 1077 670 relinquitur
1097 616 1244 671 (donec
1261 615 1414 657 certior
1436 615 1629 670 probatio
1647 617 1905 671 compareat)
1924 632 1977 658 an
1996 617 2188 658 absolute

241 676 503 731 impossibile
535 675 686 716 fuisset
719 674 808 717 Deo
841 677 1026 716 statuere
1044 675 1074 717 81
1091 674 1260 716 Christo
1281 675 1431 716 offerre
1454 675 1722 729 sponsionem
1739 674 1788 715 de
1806 675 2095 717 satisfactione
2113 690 2188 729 pro

242 735 387 789 poenis
404 737 574 789 peccato
591 736 735 775 nostro
753 733 906 775 debitis
922 748 998 788 per
1016 733 1121 774 alias
1139 748 1409 788 quascunque
1427 733 1700 789 gravissimas
1717 732 1969 775 afflictiones
1987 734 2031 775 in
2048 735 2189 776 anima

242 795 272 836 81
289 808 459 848 corpore
477 792 758 847 perferendaS,
783 793 940 846 absque
957 795 1092 833 morte
1109 792 1340 846 corporali3
1361 807 1443 846 qua
1461 792 1682 846 sponsione
1705 791 1856 845 posita,
1879 807 1954 846 per
1971 793 2190 847 aequalem

242 852 627 906 compensationem
652 854 826 906 propter
857 865 1058 905 personae
1091 850 1302 891 infinitam
1334 851 1588 906 dignitatem
1613 853 1637 891 a
1652 864 1788 904 poena
1805 851 2025 906 utriusque
2042 851 2190 893 mortis

242 913 481 966 peccatores
509 911 604 965 jure
636 910 870 951 liberasset.
906 910 945 951 5.
968 909 1109 952 szobic.
1144 909 1227 951 Cur
1244 909 1443 964 dignitas,
1463 909 1774 963 aequivalentia
1793 911 1822 952 &
1844 910 2129 964 compensatio
2145 910 2190 951 in

243 970 388 1025 poenis
421 969 579 1011 Christi
596 969 916 1023 temporalibus,
935 983 1039 1022 quas
1058 983 1132 1022 pro
1153 967 1275 1009 nobis
1292 968 1393 1009 tulit
1410 983 1460 1009 ex
1478 968 1683 1023 dignitate
1701 983 1903 1021 personae
1922 969 2077 1011 accersi
2093 983 2190 1023 pos-

246 1029 314 1078 sit,
333 1030 363 1071 81
384 1028 433 1069 (10
450 1027 562 1069 facto
580 1030 818 1069 accersatur
834 1030 979 1068 contra
1001 1026 1223 1076 Socinum3
1247 1028 1275 1069 81
1292 1042 1378 1068 11011
1395 1027 1524 1068 etiam
1541 1027 1651 1081 quod
1668 1027 1720 1067 ad
1738 1027 1921 1081 speciem
1937 1030 2010 1070 aut
2026 1031 2188 1082 partem

244 1088 352 1129 hanc
368 1101 541 1141 poenae,
564 1087 652 1128 scil.
670 1090 850 1127 mortem
867 1086 1142 1140 corporalem,
1166 1085 1314 1127 itidem
1337 1101 1386 1127 ex
1403 1086 1549 1127 eodem
1566 1085 1682 1126 fonte
1705 1087 1859 1127 accersi
1880 1089 2035 1140 posset,
2059 1086 2190 1140 siqui-

245 1147 339 1187 dem
370 1145 461 1187 Deo
482 1145 620 1187 visum
636 1144 788 1186 fuisset
804 1145 864 1186 ita
882 1145 1116 1196 decernere,
1135 1145 1164 1187 81
1181 1143 1349 1186 Christo
1367 1144 1426 1186 sic
1443 1145 1662 1198 spondere.
1695 1144 1733 1185 6.
1757 1145 1899 1187 Dabit.
1935 1145 1980 1187 Si
1999 1145 2190 1187 Christus

249 1204 457 1246 Mediator
488 1204 681 1246 absoluta
711 1203 962 1245 necessitate
994 1206 1171 1245 naturae
1205 1203 1370 1245 divinae
1391 1204 1501 1244 nihil
1517 1203 1657 1244 minus
1674 1204 1877 1257 spondere
1894 1204 2046 1258 potuit,
2065 1219 2193 1258 quam

246 1266 426 1305 mortem
447 1265 668 1316 utramque
687 1263 797 1316 quod
818 1263 870 1303 ad
887 1262 1128 1313 essentiam,
1146 1277 1219 1303 seu
1235 1262 1280 1302 in
1298 1262 1435 1317 specie
1453 1262 1482 1304 &
1499 1261 1636 1303 forma
1653 1276 1728 1316 pro
1749 1263 1870 1304 nobis
1894 1265 1924 1305 81
1940 1263 2030 1304 1000
2047 1265 2190 1304 nostro

248 1322 531 1371 subeundam;
564 1336 672 1376 quae
702 1321 811 1362 ratio
835 1321 967 1363 solida
984 1321 1126 1362 afferri
1144 1321 1289 1375 possit,
1307 1335 1380 1362 cur
1396 1320 1720 1371 inchoationem,
1740 1322 1908 1376 gradus,
1928 1336 2191 1363 consumma-

248 1381 406 1422 tionem
431 1380 651 1434 utriusque
684 1380 845 1432 mortis,
878 1395 973 1421 cum
1004 1380 1242 1434 quantitate
1274 1380 1504 1430 extensiva,
1533 1382 1659 1433 atque
1678 1394 1728 1420 ex
1745 1381 1996 1422 necessitate
2015 1383 2192 1421 naturae

250 1439 428 1491 divinae,
458 1453 590 1493 usque
622 1439 675 1480 ad
690 1439 915 1480 minimum
933 1438 1096 1492 apicem
1112 1438 1222 1480 ferre
1239 1453 1323 1480 non
1340 1438 1544 1487 debuerit,
1564 1439 1672 1479 sicut
1687 1442 1927 1493 peccatores
1944 1439 2027 1493 ipsi
2044 1439 2085 1480 in
2107 1439 2193 1480 suis

250 1498 406 1552 quique
423 1498 611 1552 personis
628 1513 677 1539 ea
694 1497 803 1539 ferre
822 1497 1078 1539 debuissent.
1112 1496 1156 1538 Si
1174 1497 1289 1549 dicis,
1306 1512 1381 1552 per
1398 1497 1782 1551 compensationem
1795 1498 1824 1540 81
1838 1498 2194 1552 aequivalentiam

249 1557 324 1598 illa
355 1556 496 1597 onmia
513 1558 537 1597 a
554 1556 721 1598 Christo
739 1557 826 1597 lata
843 1556 974 1597 fuisse
997 1556 1026 1598 81
1044 1556 1258 1597 suffecisse
1275 1559 1446 1610 propter
1467 1556 1719 1611 dignitatem
1736 1572 1759 1610 1:
1767 1571 1960 1607 ersonae;
1978 1556 2087 1598 redit
2103 1559 2194 1597 tum

251 1615 455 1669 quaestio,
474 1614 557 1656 Cur
568 1630 651 1656 non
668 1615 900 1656 suffecisset
916 1617 1090 1669 propter
1108 1615 1282 1656 eandem
1300 1614 1611 1669 dignitatem,si
1629 1615 1734 1656 alias
1751 1615 2023 1670 gravissimas
2041 1615 2196 1669 passio⁶

252 1689 325 1715 nes
358 1674 554 1728 poenales
572 1676 775 1727 tanquam
793 1673 978 1727 Sponsor
996 1673 1247 1727 suscepisset
1263 1674 1354 1715 loco
1366 1677 1509 1715 nostro
1526 1673 1569 1713 in
1588 1673 1729 1714 anima
1746 1675 1776 1716 &
1797 1688 1967 1728 corpore
1983 1689 2059 1728 pro
2075 1673 2196 1715 nobis

253 1733 305 1774 ad
335 1732 632 1773 liberationem
668 1735 693 1773 a
725 1732 867 1773 debita
883 1734 1061 1785 utraque
1078 1734 1212 1773 morte
1228 1733 1537 1786 persolvendas.
1574 1732 1611 1773 7.
1629 1732 1773 1774 Dabit.
1807 1731 1877 1773 An
1895 1732 2086 1774 Christus
2104 1747 2196 1786 pas-

253 1792 390 1832 siones
420 1805 594 1832 numero
626 1791 855 1845 pauciores,
874 1790 1093 1831 duratione
1114 1791 1340 1842 breviores,
1359 1791 1596 1845 quantitate
1613 1790 1751 1832 minus
1769 1791 1967 1842 intensas,
1986 1792 2015 1833 81
2031 1796 2197 1832 contra-

254 1850 404 1891 ctiores
435 1864 508 1891 seu
535 1849 674 1891 minus
692 1852 900 1901 extensas,
923 1849 1033 1903 quod
1050 1849 1102 1890 ad
1118 1851 1259 1903 partes
1277 1849 1477 1903 corporis,
1496 1848 1719 1890 facultates
1737 1849 1915 1898 animae,
1935 1851 2150 1890 momenta
2166 1850 2196 1891 81

255 1911 396 1963 partes
428 1908 539 1949 vitae
571 1908 615 1949 in
646 1908 772 1949 terris
800 1911 917 1949 actae
945 1908 1162 1961 spondere,
1178 1907 1223 1948 in
1240 1922 1283 1948 se
1301 1908 1525 1961 suscipere,
1544 1921 1592 1948 ac
1607 1906 1717 1948 ferre
1734 1911 1762 1947 81
1779 1907 1838 1949 310
1860 1907 2102 1948 satisfacere
2121 1922 2196 1961 po-

256 1967 438 2008 tuisset?
471 1966 539 2007 Ad
570 1966 710 2008 onmia
741 1966 846 2008 haec
872 1966 1012 2017 dubia,
1031 1967 1061 2008 &
1078 1966 1131 2007 ad
1146 1966 1402 2020 hypotheses
1424 1981 1472 2007 ac
1487 1965 1750 2020 problemata
1766 1965 1934 2020 singula
1951 1980 2078 2020 supra
2098 1979 2196 2019 pro-

257 2026 394 2080 posita
425 2025 557 2079 siquis
573 2025 848 2079 responderit,
867 2025 926 2066 sic
943 2026 989 2065 ut
1010 2024 1120 2065 nihil
1137 2024 1181 2065 in
1198 2024 1334 2065 medio
1357 2024 1583 2077 relinquat,
1602 2026 1675 2064 aut
1692 2023 1845 2064 nullibi
1861 2024 2047 2074 haereat,
2066 2023 2196 2065 ratio-

256 2084 381 2125 nibus
413 2084 585 2137 insuper
618 2098 667 2124 ex
700 2082 916 2137 Scriptura
950 2082 1140 2124 adductis
1173 2082 1387 2124 evidenter
1412 2082 1581 2137 singula
1597 2082 1853 2135 comprobet,
1870 2082 2052 2123 indicato
2069 2082 2198 2123 etiam

258 2142 413 2196 ubique
444 2142 729 2183 Ecclesiarum
761 2141 1085 2182 reformatarum
1106 2142 1136 2183 81
1153 2140 1384 2182 Doctorum
1400 2143 1543 2182 contra
1565 2140 1866 2182 haeterodoxos
1883 2140 2107 2192 communi,
2124 2142 2198 2182 aut

260 2201 411 2242 saltem
443 2200 718 2242 communiori
751 2214 976 2249 consensu;
1005 2199 1152 2253 utique
1172 2214 1240 2240 me
1257 2199 1319 2240 illi
1340 2199 1521 2240 multum
1539 2198 1689 2239 debere
1710 2199 1951 2252 profitebor,
1970 2200 2000 2242 81
2016 2198 2197 2253 vestigia

261 2260 348 2314 eJ‘us
374 2262 577 2312 tanquam
609 2259 724 2300 ducis
757 2260 999 2299 secuturum
1029 2257 1242 2322 polliceor.
1273 2256 1450 2298 Interim
1482 2257 1581 2297 dum
1612 2257 1691 2298 hoc
1721 2260 1931 2311 exspecto,
1951 2257 2070 2323 [pag.
2089 2256 2196 2312 251]

261 2319 419 2372 absque
446 2318 573 2359 ullius
604 2317 859 2371 praejudicio
890 2316 968 2357 hac
1000 2316 1089 2357 vice
1111 2318 1390 2370 spectatorem
1407 2329 1545 2370 agam,
1563 2315 1593 2357 81
1614 2315 1780 2361 veniam
1796 2318 1951 2369 petam,
1975 2316 2010 2357 si
2027 2314 2198 2370 ingenio

262 2391 354 2417 meo
371 2377 511 2417 onmia
527 2390 658 2430 aeque
675 2375 836 2429 liquida
852 2374 881 2415 81
897 2374 1042 2428 pervia
1058 2374 1262 2415 hactenus
1278 2389 1361 2415 non
1377 2374 1556 2415 fuerint:
1575 2374 1798 2428 praecipue
1810 2389 1905 2416 cum
1916 2377 2197 2415 antecessores

263 2449 346 2475 non
377 2435 438 2475 ita
468 2435 670 2484 noverim,
688 2434 761 2487 qui
777 2433 918 2475 omnia
936 2434 965 2475 81
987 2432 1183 2487 singula
1172 2447 1216 2473 111
1233 2432 1425 2473 terminis
1442 2447 1553 2473 nunc
1568 2432 1785 2486 proposita
1802 2433 2020 2486 perspicue
2036 2432 2079 2472 in
2096 2431 2198 2472 locis

265 2493 555 2534 communibus
588 2493 686 2544 suis,
722 2492 827 2532 aut
816 2507 861 2532 m
888 2491 1181 2532 controversiis
1199 2490 1582 2532 determinaverint.
1615 2490 1700 2532 Via
1715 2490 1817 2532 trita
1833 2505 1925 2532 meo
1943 2489 2113 2544 judicio,
2130 2489 2199 2531 via

266 2554 372 2592 tuta.
404 2550 486 2592 Sed
517 2566 610 2592 eam
647 2551 829 2592 nondum
868 2552 1081 2591 ostensam
1112 2549 1232 2591 video
1263 2549 1308 2590 in
1338 2549 1495 2590 talibus
1527 2549 1801 2603 problematis
1834 2548 2072 2599 enodandis,
2092 2562 2198 2602 quae

268 2612 434 2660 praeter
451 2611 479 2651 81
502 2613 619 2650 extra
635 2609 971 2650 fundamentales
990 2622 1037 2648 ac
1054 2607 1264 2649 communi
1280 2607 1492 2649 Ecclesiae
1509 2621 1712 2648 consensu
1727 2614 1916 2661 receptas
1930 2606 2084 2658 theses,
2102 2620 2200 2647 con-

271 2667 380 2707 sider
383 2667 513 2708 ationi
534 2670 701 2708 nostrae
718 2668 961 2708 offeruntur.
994 2666 1088 2721 Ego
1110 2666 1309 2720 profiteor
1324 2680 1391 2706 me
1413 2680 1516 2717 esse,
1533 2666 1563 2707 81
1575 2666 1684 2707 velle
1698 2679 1786 2706 esse
1798 2679 1848 2706 ex
1860 2679 2003 2706 eorum
2013 2678 2201 2713 numero,

271 2725 342 2777 qui
365 2726 416 2765 ab
435 2725 529 2766 aliis
547 2726 703 2766 discere
720 2741 796 2780 par
799 2725 858 2766 ati
876 2727 986 2774 sunt,
1009 2699 1060 2766 &0
1056 2739 1105 2765 ex
1123 2724 1272 2765 alienis
1289 2723 1633 2765 meditationibus
1649 2723 1849 2777 proficere
1867 2722 2120 2764 deciderant.

329 2781 376 2826 4.
409 2781 624 2824 Hactenus
656 2784 708 2824 ad
729 2784 965 2825 uberiorem
992 2782 1298 2824 controversiae
1320 2783 1370 2823 de
1393 2782 1641 2823 necessitate
1658 2780 1956 2822 satisfactionis
1979 2779 2202 2821 illustrati-

274 2855 410 2893 onem,
444 2856 518 2893 plo
540 2842 718 2896 modulo
735 2842 992 2883 occasionem
1015 2841 1242 2895 &aliquem
1258 2840 1580 2882 meditationum
1596 2841 1846 2894 apparatum
1868 2838 2205 2880 subministravi-

2099 2910 2207 2938 mus.
