<?xml version="1.0" encoding="UTF-8"?>
<!DOCTYPE html PUBLIC "-//W3C//DTD XHTML 1.0 Transitional//EN"
    "http://www.w3.org/TR/xhtml1/DTD/xhtml1-transitional.dtd">
<html xmlns="http://www.w3.org/1999/xhtml" xml:lang="en" lang="en">
 <head>
  <title>
</title>
<meta http-equiv="Content-Type" content="text/html;charset=utf-8" />
  <meta name='ocr-system' content='tesseract 3.04.00' />
  <meta name='ocr-capabilities' content='ocr_page ocr_carea ocr_par ocr_line ocrx_word'/>
</head>
<body>
  <div class='ocr_page' id='page_1' title='image "./gysbertivoetiise00voet_0297.png"; bbox 0 0 2399 3084; ppageno 0'>
   <div class='ocr_carea' id='block_1_1' title="bbox 310 118 2028 164">
    <p class='ocr_par' dir='ltr' id='par_1_1' title="bbox 310 118 2028 164">
     <span class='ocr_line' id='line_1_1' title="bbox 310 118 2028 164; baseline -0.003 0"><span class='ocrx_word' id='word_1_1' title='bbox 310 121 451 164; x_wconf 81' lang='lat' dir='ltr'>DlsP.</span> <span class='ocrx_word' id='word_1_2' title='bbox 485 121 558 164; x_wconf 91' lang='lat' dir='ltr'>IX.</span> <span class='ocrx_word' id='word_1_3' title='bbox 592 121 664 164; x_wconf 66' lang='lat' dir='ltr'>Dr:</span> <span class='ocrx_word' id='word_1_4' title='bbox 698 121 862 164; x_wconf 55' lang='lat' dir='ltr'>Simu</span> <span class='ocrx_word' id='word_1_5' title='bbox 893 119 1211 163; x_wconf 70' lang='lat' dir='ltr'>Enseronnn</span> <span class='ocrx_word' id='word_1_6' title='bbox 1244 134 1361 162; x_wconf 70' lang='lat' dir='ltr'>Auri:</span> <span class='ocrx_word' id='word_1_7' title='bbox 1394 118 1819 162; x_wconf 64' lang='lat' dir='ltr'>Convnnsmxnn.</span> <span class='ocrx_word' id='word_1_8' title='bbox 1943 118 2028 159; x_wconf 78' lang='lat'>269</span> 
     </span>
    </p>
   </div>
   <div class='ocr_carea' id='block_1_2' title="bbox 88 241 2035 2918">
    <p class='ocr_par' dir='ltr' id='par_1_2' title="bbox 88 241 2035 2876">
     <span class='ocr_line' id='line_1_2' title="bbox 93 241 2032 301; baseline -0.003 -13"><span class='ocrx_word' id='word_1_9' title='bbox 93 247 196 289; x_wconf 79' lang='lat' dir='ltr'>dum</span> <span class='ocrx_word' id='word_1_10' title='bbox 227 246 360 301; x_wconf 74' lang='lat' dir='ltr'>may-is</span> <span class='ocrx_word' id='word_1_11' title='bbox 386 244 426 287; x_wconf 69' lang='lat'>86</span> <span class='ocrx_word' id='word_1_12' title='bbox 458 246 613 297; x_wconf 75' lang='lat' dir='ltr'>minus)</span> <span class='ocrx_word' id='word_1_13' title='bbox 633 247 731 300; x_wconf 76' lang='lat' dir='ltr'>jure</span> <span class='ocrx_word' id='word_1_14' title='bbox 763 246 905 288; x_wconf 47' lang='lat' dir='ltr'>*interito</span> <span class='ocrx_word' id='word_1_15' title='bbox 931 244 980 286; x_wconf 80' lang='lat' dir='ltr'>ab</span> <span class='ocrx_word' id='word_1_16' title='bbox 1014 243 1207 286; x_wconf 71' lang='lat' dir='ltr'>omnibus</span> <span class='ocrx_word' id='word_1_17' title='bbox 1230 243 1415 285; x_wconf 67' lang='lat' dir='ltr'>civilibus</span> <span class='ocrx_word' id='word_1_18' title='bbox 1442 242 1596 284; x_wconf 73' lang='lat' dir='ltr'>actibus</span> <span class='ocrx_word' id='word_1_19' title='bbox 1618 242 1902 293; x_wconf 67' lang='lat' dir='ltr'>eliminantur,</span> <span class='ocrx_word' id='word_1_20' title='bbox 1925 241 1965 284; x_wconf 62' lang='grc' dir='ltr'><em>ἃ</em></span> <span class='ocrx_word' id='word_1_21' title='bbox 1988 243 2032 283; x_wconf 77' lang='lat' dir='ltr'>in</span> 
     </span>
     <span class='ocr_line' id='line_1_3' title="bbox 93 301 2032 356; baseline -0.003 -9"><span class='ocrx_word' id='word_1_22' title='bbox 93 306 247 348; x_wconf 76' lang='lat' dir='ltr'>delictis</span> <span class='ocrx_word' id='word_1_23' title='bbox 277 305 449 346; x_wconf 76' lang='lat' dir='ltr'>omnino</span> <span class='ocrx_word' id='word_1_24' title='bbox 465 312 730 347; x_wconf 75' lang='lat' dir='ltr'>eoecusamur.</span> <span class='ocrx_word' id='word_1_25' title='bbox 764 305 993 346; x_wconf 77' lang='lat' dir='ltr'>Dementes</span> <span class='ocrx_word' id='word_1_26' title='bbox 1025 302 1140 343; x_wconf 87' lang='lat' dir='ltr'>tertii</span> <span class='ocrx_word' id='word_1_27' title='bbox 1158 302 1326 356; x_wconf 85' lang='lat' dir='ltr'>gradus,</span> <span class='ocrx_word' id='word_1_28' title='bbox 1346 317 1418 355; x_wconf 90' lang='grc'>001</span> <span class='ocrx_word' id='word_1_29' title='bbox 1435 316 1632 355; x_wconf 75' lang='lat' dir='ltr'>proprie</span> <span class='ocrx_word' id='word_1_30' title='bbox 1622 304 1807 342; x_wconf 76' lang='lat' dir='ltr'>amentes</span> <span class='ocrx_word' id='word_1_31' title='bbox 1825 301 2032 351; x_wconf 88' lang='lat' dir='ltr'>dicuntur,</span> 
     </span>
     <span class='ocr_line' id='line_1_4' title="bbox 95 360 2032 429; baseline -0.003 -24"><span class='ocrx_word' id='word_1_32' title='bbox 95 378 173 419; x_wconf 88' lang='lat' dir='ltr'>ego</span> <span class='ocrx_word' id='word_1_33' title='bbox 205 363 512 418; x_wconf 73' lang='lat' dir='ltr'>intelligebam,</span> <span class='ocrx_word' id='word_1_34' title='bbox 546 365 575 406; x_wconf 89' lang='grc'>81</span> <span class='ocrx_word' id='word_1_35' title='bbox 607 363 846 418; x_wconf 78' lang='lat' dir='ltr'>cogitabam</span> <span class='ocrx_word' id='word_1_36' title='bbox 877 365 976 403; x_wconf 90' lang='lat' dir='ltr'>tunc</span> <span class='ocrx_word' id='word_1_37' title='bbox 1009 362 1200 429; x_wconf 83' lang='lat' dir='ltr'>exempla</span> <span class='ocrx_word' id='word_1_38' title='bbox 1222 361 1383 414; x_wconf 87' lang='lat' dir='ltr'>aliquot</span> <span class='ocrx_word' id='word_1_39' title='bbox 1414 360 1519 400; x_wconf 85' lang='lat' dir='ltr'>mihi</span> <span class='ocrx_word' id='word_1_40' title='bbox 1555 360 1643 400; x_wconf 86' lang='lat' dir='ltr'>visa</span> <span class='ocrx_word' id='word_1_41' title='bbox 1670 375 1814 400; x_wconf 89' lang='lat' dir='ltr'>eorum</span> <span class='ocrx_word' id='word_1_42' title='bbox 1836 374 1939 414; x_wconf 89' lang='lat' dir='ltr'>quos</span> <span class='ocrx_word' id='word_1_43' title='bbox 1958 374 2032 400; x_wconf 89' lang='lat' dir='ltr'>nec</span> 
     </span>
     <span class='ocr_line' id='line_1_5' title="bbox 95 416 2031 488; baseline -0.003 -25"><span class='ocrx_word' id='word_1_44' title='bbox 95 437 230 463; x_wconf 89' lang='lat' dir='ltr'>sermo</span> <span class='ocrx_word' id='word_1_45' title='bbox 266 421 498 472; x_wconf 75' lang='lat' dir='ltr'>rationalis,</span> <span class='ocrx_word' id='word_1_46' title='bbox 524 437 599 463; x_wconf 89' lang='lat' dir='ltr'>nec</span> <span class='ocrx_word' id='word_1_47' title='bbox 633 422 774 488; x_wconf 80' lang='lat' dir='ltr'>aliqua</span> <span class='ocrx_word' id='word_1_48' title='bbox 802 421 909 463; x_wconf 88' lang='lat' dir='ltr'>actio</span> <span class='ocrx_word' id='word_1_49' title='bbox 926 420 1140 461; x_wconf 88' lang='lat' dir='ltr'>humana</span> <span class='ocrx_word' id='word_1_50' title='bbox 1129 434 1153 459; x_wconf 80' lang='grc'>·1</span> <span class='ocrx_word' id='word_1_51' title='bbox 1170 419 1306 459; x_wconf 87' lang='lat' dir='ltr'>brutis</span> <span class='ocrx_word' id='word_1_52' title='bbox 1325 416 1625 473; x_wconf 80' lang='lat' dir='ltr'>distinguebat</span> <span class='ocrx_word' id='word_1_53' title='bbox 1644 419 1799 472; x_wconf 87' lang='lat' dir='ltr'>quique</span> <span class='ocrx_word' id='word_1_54' title='bbox 1822 418 2031 459; x_wconf 86' lang='lat' dir='ltr'>incondito</span> 
     </span>
     <span class='ocr_line' id='line_1_6' title="bbox 95 477 2032 534; baseline -0.003 -12"><span class='ocrx_word' id='word_1_55' title='bbox 95 481 230 522; x_wconf 89' lang='lat' dir='ltr'>solum</span> <span class='ocrx_word' id='word_1_56' title='bbox 262 481 443 521; x_wconf 89' lang='lat' dir='ltr'>clamore</span> <span class='ocrx_word' id='word_1_57' title='bbox 476 481 505 522; x_wconf 82' lang='lat'>&amp;</span> <span class='ocrx_word' id='word_1_58' title='bbox 537 495 637 522; x_wconf 90' lang='lat' dir='ltr'>sono</span> <span class='ocrx_word' id='word_1_59' title='bbox 671 481 801 521; x_wconf 90' lang='lat' dir='ltr'>animi</span> <span class='ocrx_word' id='word_1_60' title='bbox 828 479 1044 534; x_wconf 79' lang='lat' dir='ltr'>passiones</span> <span class='ocrx_word' id='word_1_61' title='bbox 1072 492 1166 518; x_wconf 87' lang='lat' dir='ltr'>cum</span> <span class='ocrx_word' id='word_1_62' title='bbox 1182 477 1319 518; x_wconf 85' lang='lat' dir='ltr'>brutis</span> <span class='ocrx_word' id='word_1_63' title='bbox 1337 491 1578 518; x_wconf 83' lang='lat' dir='ltr'>communes</span> <span class='ocrx_word' id='word_1_64' title='bbox 1596 477 1850 527; x_wconf 83' lang='lat' dir='ltr'>1nd1cabant</span> <span class='ocrx_word' id='word_1_65' title='bbox 1869 479 2032 518; x_wconf 89' lang='lat' dir='ltr'>caetera</span> 
     </span>
     <span class='ocr_line' id='line_1_7' title="bbox 93 510 2030 593; baseline -0.003 -13"><span class='ocrx_word' id='word_1_66' title='bbox 93 539 265 580; x_wconf 89' lang='lat' dir='ltr'>canibus</span> <span class='ocrx_word' id='word_1_67' title='bbox 283 540 313 581; x_wconf 88' lang='grc'>81</span> <span class='ocrx_word' id='word_1_68' title='bbox 334 538 544 580; x_wconf 83' lang='lat' dir='ltr'>similibus</span> <span class='ocrx_word' id='word_1_69' title='bbox 561 538 697 580; x_wconf 83' lang='lat' dir='ltr'>brutis</span> <span class='ocrx_word' id='word_1_70' title='bbox 720 539 829 593; x_wconf 92' lang='lat' dir='ltr'>quod</span> <span class='ocrx_word' id='word_1_71' title='bbox 846 539 898 579; x_wconf 89' lang='lat' dir='ltr'>ad</span> <span class='ocrx_word' id='word_1_72' title='bbox 921 537 1105 578; x_wconf 82' lang='lat' dir='ltr'>actiones</span> <span class='ocrx_word' id='word_1_73' title='bbox 1123 536 1326 577; x_wconf 90' lang='lat' dir='ltr'>animales</span> <span class='ocrx_word' id='word_1_74' title='bbox 1349 536 1473 589; x_wconf 90' lang='lat' dir='ltr'>longe</span> <span class='ocrx_word' id='word_1_75' title='bbox 1511 534 1728 576; x_wconf 90' lang='lat' dir='ltr'>inferiores</span> <span class='ocrx_word' id='word_1_76' title='bbox 1741 510 1859 576; x_wconf 82' lang='lat' dir='ltr'>erant</span> <span class='ocrx_word' id='word_1_77' title='bbox 1877 551 1885 584; x_wconf 89' lang='lat'>;</span> <span class='ocrx_word' id='word_1_78' title='bbox 1905 538 2030 589; x_wconf 87' lang='lat' dir='ltr'>atque</span> 
     </span>
     <span class='ocr_line' id='line_1_8' title="bbox 93 594 2028 652; baseline -0.002 -14"><span class='ocrx_word' id='word_1_79' title='bbox 93 597 153 638; x_wconf 91' lang='lat' dir='ltr'>ita</span> <span class='ocrx_word' id='word_1_80' title='bbox 170 598 222 639; x_wconf 91' lang='lat' dir='ltr'>ad</span> <span class='ocrx_word' id='word_1_81' title='bbox 239 597 426 638; x_wconf 85' lang='lat' dir='ltr'>ordinem</span> <span class='ocrx_word' id='word_1_82' title='bbox 443 597 671 638; x_wconf 86' lang='lat' dir='ltr'>infantium</span> <span class='ocrx_word' id='word_1_83' title='bbox 692 597 908 652; x_wconf 78' lang='lat' dir='ltr'>analogice</span> <span class='ocrx_word' id='word_1_84' title='bbox 926 594 1146 636; x_wconf 84' lang='lat' dir='ltr'>referendi.</span> <span class='ocrx_word' id='word_1_85' title='bbox 1181 595 1350 649; x_wconf 74' lang='lat' dir='ltr'>Eoeipiat</span> <span class='ocrx_word' id='word_1_86' title='bbox 1368 594 1475 648; x_wconf 89' lang='lat' dir='ltr'>quis,</span> <span class='ocrx_word' id='word_1_87' title='bbox 1494 608 1577 634; x_wconf 91' lang='lat' dir='ltr'>non</span> <span class='ocrx_word' id='word_1_88' title='bbox 1595 608 1683 634; x_wconf 90' lang='lat' dir='ltr'>esse</span> <span class='ocrx_word' id='word_1_89' title='bbox 1701 608 1775 647; x_wconf 90' lang='lat' dir='ltr'>per</span> <span class='ocrx_word' id='word_1_90' title='bbox 1797 594 1936 635; x_wconf 91' lang='lat' dir='ltr'>omnia</span> <span class='ocrx_word' id='word_1_91' title='bbox 1954 609 2028 647; x_wconf 90' lang='lat' dir='ltr'>pa-</span> 
     </span>
     <span class='ocr_line' id='line_1_9' title="bbox 93 652 2029 708; baseline -0.002 -11"><span class='ocrx_word' id='word_1_92' title='bbox 93 671 183 697; x_wconf 87' lang='lat' dir='ltr'>rem</span> <span class='ocrx_word' id='word_1_93' title='bbox 215 656 421 697; x_wconf 88' lang='lat' dir='ltr'>rationem</span> <span class='ocrx_word' id='word_1_94' title='bbox 449 656 677 697; x_wconf 89' lang='lat' dir='ltr'>infantium</span> <span class='ocrx_word' id='word_1_95' title='bbox 710 658 738 699; x_wconf 98' lang='grc'>81</span> <span class='ocrx_word' id='word_1_96' title='bbox 771 655 1025 697; x_wconf 86' lang='lat' dir='ltr'>amentium:</span> <span class='ocrx_word' id='word_1_97' title='bbox 1055 653 1210 707; x_wconf 86' lang='lat' dir='ltr'>quippe</span> <span class='ocrx_word' id='word_1_98' title='bbox 1244 653 1316 708; x_wconf 87' lang='lat' dir='ltr'>qui</span> <span class='ocrx_word' id='word_1_99' title='bbox 1348 652 1512 693; x_wconf 84' lang='lat' dir='ltr'>subsint</span> <span class='ocrx_word' id='word_1_100' title='bbox 1535 652 1714 706; x_wconf 87' lang='lat' dir='ltr'>peccatis</span> <span class='ocrx_word' id='word_1_101' title='bbox 1733 653 1980 703; x_wconf 86' lang='lat' dir='ltr'>actualibus,</span> <span class='ocrx_word' id='word_1_102' title='bbox 2000 653 2029 694; x_wconf 82' lang='grc'>81</span> 
     </span>
     <span class='ocr_line' id='line_1_10' title="bbox 94 711 2028 768; baseline -0.003 -12"><span class='ocrx_word' id='word_1_103' title='bbox 94 715 343 768; x_wconf 87' lang='lat' dir='ltr'>quandoque</span> <span class='ocrx_word' id='word_1_104' title='bbox 376 714 553 756; x_wconf 88' lang='lat' dir='ltr'>scientes</span> <span class='ocrx_word' id='word_1_105' title='bbox 590 715 620 756; x_wconf 84' lang='lat'>&amp;</span> <span class='ocrx_word' id='word_1_106' title='bbox 654 716 838 756; x_wconf 91' lang='lat' dir='ltr'>volentes</span> <span class='ocrx_word' id='word_1_107' title='bbox 869 714 914 754; x_wconf 91' lang='lat' dir='ltr'>in</span> <span class='ocrx_word' id='word_1_108' title='bbox 946 712 1123 767; x_wconf 82' lang='lat' dir='ltr'>grandia</span> <span class='ocrx_word' id='word_1_109' title='bbox 1155 712 1313 753; x_wconf 88' lang='lat' dir='ltr'>scelera</span> <span class='ocrx_word' id='word_1_110' title='bbox 1340 711 1541 752; x_wconf 73' lang='lat' dir='ltr'>incidant:</span> <span class='ocrx_word' id='word_1_111' title='bbox 1576 712 1692 765; x_wconf 77' lang='lat' dir='ltr'>Hesp.</span> <span class='ocrx_word' id='word_1_112' title='bbox 1713 711 1762 752; x_wconf 88' lang='lat' dir='ltr'>de</span> <span class='ocrx_word' id='word_1_113' title='bbox 1780 711 1898 766; x_wconf 87' lang='lat' dir='ltr'>[pag.</span> <span class='ocrx_word' id='word_1_114' title='bbox 1922 711 2028 765; x_wconf 82' lang='lat'>431]</span> 
     </span>
     <span class='ocr_line' id='line_1_11' title="bbox 94 769 2031 824; baseline -0.002 -10"><span class='ocrx_word' id='word_1_115' title='bbox 94 773 332 814; x_wconf 85' lang='lat' dir='ltr'>amentibus</span> <span class='ocrx_word' id='word_1_116' title='bbox 360 774 589 814; x_wconf 87' lang='lat' dir='ltr'>secundum</span> <span class='ocrx_word' id='word_1_117' title='bbox 624 773 880 815; x_wconf 89' lang='lat' dir='ltr'>medicorum</span> <span class='ocrx_word' id='word_1_118' title='bbox 918 771 1232 813; x_wconf 86' lang='lat' dir='ltr'>distinctionem</span> <span class='ocrx_word' id='word_1_119' title='bbox 1260 772 1288 813; x_wconf 84' lang='grc'>81</span> <span class='ocrx_word' id='word_1_120' title='bbox 1316 770 1483 824; x_wconf 81' lang='lat' dir='ltr'>proprie</span> <span class='ocrx_word' id='word_1_121' title='bbox 1506 770 1564 810; x_wconf 91' lang='lat' dir='ltr'>sic</span> <span class='ocrx_word' id='word_1_122' title='bbox 1583 769 1718 820; x_wconf 88' lang='lat' dir='ltr'>dictis,</span> <span class='ocrx_word' id='word_1_123' title='bbox 1737 769 1809 810; x_wconf 90' lang='lat' dir='ltr'>ubi</span> <span class='ocrx_word' id='word_1_124' title='bbox 1827 770 2031 823; x_wconf 81' lang='lat' dir='ltr'>exemplis</span> 
     </span>
     <span class='ocr_line' id='line_1_12' title="bbox 93 828 2031 886; baseline -0.003 -13"><span class='ocrx_word' id='word_1_125' title='bbox 93 831 172 873; x_wconf 89' lang='grc'>1100</span> <span class='ocrx_word' id='word_1_126' title='bbox 204 834 430 886; x_wconf 85' lang='lat' dir='ltr'>probatum</span> <span class='ocrx_word' id='word_1_127' title='bbox 461 831 603 882; x_wconf 89' lang='lat' dir='ltr'>fuerit,</span> <span class='ocrx_word' id='word_1_128' title='bbox 635 832 732 873; x_wconf 89' lang='lat' dir='ltr'>ilico</span> <span class='ocrx_word' id='word_1_129' title='bbox 765 832 938 873; x_wconf 86' lang='lat' dir='ltr'>mutabo</span> <span class='ocrx_word' id='word_1_130' title='bbox 971 829 1239 871; x_wconf 85' lang='lat' dir='ltr'>sententiam.</span> <span class='ocrx_word' id='word_1_131' title='bbox 1274 828 1489 870; x_wconf 86' lang='lat' dir='ltr'>Hactenus</span> <span class='ocrx_word' id='word_1_132' title='bbox 1518 828 1654 869; x_wconf 89' lang='lat' dir='ltr'>fateor</span> <span class='ocrx_word' id='word_1_133' title='bbox 1677 843 1742 869; x_wconf 91' lang='lat' dir='ltr'>me</span> <span class='ocrx_word' id='word_1_134' title='bbox 1765 843 1847 869; x_wconf 88' lang='grc'>11011</span> <span class='ocrx_word' id='word_1_135' title='bbox 1869 843 2031 882; x_wconf 78' lang='lat' dir='ltr'>capere,</span> 
     </span>
     <span class='ocr_line' id='line_1_13' title="bbox 95 887 2031 944; baseline -0.002 -13"><span class='ocrx_word' id='word_1_136' title='bbox 95 905 201 944; x_wconf 87' lang='lat' dir='ltr'>quae</span> <span class='ocrx_word' id='word_1_137' title='bbox 218 890 303 931; x_wconf 90' lang='lat' dir='ltr'>sint</span> <span class='ocrx_word' id='word_1_138' title='bbox 319 890 394 931; x_wconf 87' lang='lat' dir='ltr'>illa</span> <span class='ocrx_word' id='word_1_139' title='bbox 410 890 567 931; x_wconf 88' lang='lat' dir='ltr'>scelera</span> <span class='ocrx_word' id='word_1_140' title='bbox 585 893 609 931; x_wconf 75' lang='lat' dir='ltr'>a</span> <span class='ocrx_word' id='word_1_141' title='bbox 626 891 853 932; x_wconf 86' lang='lat' dir='ltr'>scientibus</span> <span class='ocrx_word' id='word_1_142' title='bbox 871 889 1105 939; x_wconf 88' lang='lat' dir='ltr'>commissa,</span> <span class='ocrx_word' id='word_1_143' title='bbox 1124 903 1232 942; x_wconf 90' lang='lat' dir='ltr'>quae</span> <span class='ocrx_word' id='word_1_144' title='bbox 1251 887 1529 942; x_wconf 86' lang='lat' dir='ltr'>Magistratus</span> <span class='ocrx_word' id='word_1_145' title='bbox 1561 887 1764 928; x_wconf 90' lang='lat' dir='ltr'>scelerum</span> <span class='ocrx_word' id='word_1_146' title='bbox 1782 887 1933 928; x_wconf 86' lang='lat' dir='ltr'>vindex</span> <span class='ocrx_word' id='word_1_147' title='bbox 1948 902 2031 928; x_wconf 90' lang='lat' dir='ltr'>non</span> 
     </span>
     <span class='ocr_line' id='line_1_14' title="bbox 94 945 2031 1011; baseline -0.002 -21"><span class='ocrx_word' id='word_1_148' title='bbox 94 949 276 1002; x_wconf 87' lang='lat' dir='ltr'>puniret,</span> <span class='ocrx_word' id='word_1_149' title='bbox 313 949 384 990; x_wconf 90' lang='lat' dir='ltr'>sed</span> <span class='ocrx_word' id='word_1_150' title='bbox 414 949 520 989; x_wconf 88' lang='lat' dir='ltr'>talia</span> <span class='ocrx_word' id='word_1_151' title='bbox 552 952 769 1003; x_wconf 89' lang='lat' dir='ltr'>patrantes</span> <span class='ocrx_word' id='word_1_152' title='bbox 801 950 847 990; x_wconf 73' lang='lat' dir='ltr'>in</span> <span class='ocrx_word' id='word_1_153' title='bbox 869 948 1023 990; x_wconf 68' lang='lat' dir='ltr'>delictis</span> <span class='ocrx_word' id='word_1_154' title='bbox 1044 947 1215 988; x_wconf 76' lang='lat' dir='ltr'>omnino</span> <span class='ocrx_word' id='word_1_155' title='bbox 1238 953 1463 988; x_wconf 74' lang='lat' dir='ltr'>eoecusarel:</span> <span class='ocrx_word' id='word_1_156' title='bbox 1484 946 1546 986; x_wconf 87' lang='lat' dir='ltr'>uti</span> <span class='ocrx_word' id='word_1_157' title='bbox 1565 945 1750 999; x_wconf 89' lang='grc'>100111101·</span> <span class='ocrx_word' id='word_1_158' title='bbox 1767 945 2031 1011; x_wconf 85' lang='lat' dir='ltr'>pereruditus</span> 
     </span>
     <span class='ocr_line' id='line_1_15' title="bbox 94 1004 2031 1062; baseline -0.002 -14"><span class='ocrx_word' id='word_1_159' title='bbox 94 1006 305 1048; x_wconf 88' lang='lat' dir='ltr'>Zacchias.</span> <span class='ocrx_word' id='word_1_160' title='bbox 339 1006 402 1048; x_wconf 85' lang='lat' dir='ltr'>De</span> <span class='ocrx_word' id='word_1_161' title='bbox 420 1007 556 1048; x_wconf 89' lang='lat' dir='ltr'>surdis</span> <span class='ocrx_word' id='word_1_162' title='bbox 573 1022 696 1062; x_wconf 91' lang='lat' dir='ltr'>saepe</span> <span class='ocrx_word' id='word_1_163' title='bbox 718 1022 801 1049; x_wconf 89' lang='lat' dir='ltr'>non</span> <span class='ocrx_word' id='word_1_164' title='bbox 818 1006 1011 1061; x_wconf 86' lang='lat' dir='ltr'>vulgari</span> <span class='ocrx_word' id='word_1_165' title='bbox 1002 1006 1172 1060; x_wconf 79' lang='lat' dir='ltr'>ingenio</span> <span class='ocrx_word' id='word_1_166' title='bbox 1189 1007 1218 1048; x_wconf 86' lang='grc'>81</span> <span class='ocrx_word' id='word_1_167' title='bbox 1242 1005 1473 1060; x_wconf 84' lang='lat' dir='ltr'>sagacitate</span> <span class='ocrx_word' id='word_1_168' title='bbox 1491 1004 1706 1058; x_wconf 88' lang='lat' dir='ltr'>praeditis,</span> <span class='ocrx_word' id='word_1_169' title='bbox 1725 1004 1881 1058; x_wconf 89' lang='lat' dir='ltr'>quique</span> <span class='ocrx_word' id='word_1_170' title='bbox 1898 1004 2031 1045; x_wconf 88' lang='lat' dir='ltr'>scien-</span> 
     </span>
     <span class='ocr_line' id='line_1_16' title="bbox 93 1040 2033 1131; baseline -0.002 -24"><span class='ocrx_word' id='word_1_171' title='bbox 93 1068 156 1107; x_wconf 85' lang='lat' dir='ltr'>tes</span> <span class='ocrx_word' id='word_1_172' title='bbox 173 1065 389 1107; x_wconf 86' lang='lat' dir='ltr'>volentes</span> <span class='ocrx_word' id='word_1_173' title='bbox 378 1081 421 1106; x_wconf 93' lang='grc'>111</span> <span class='ocrx_word' id='word_1_174' title='bbox 439 1066 595 1107; x_wconf 85' lang='lat' dir='ltr'>scelera</span> <span class='ocrx_word' id='word_1_175' title='bbox 611 1081 732 1108; x_wconf 91' lang='lat' dir='ltr'>ruere</span> <span class='ocrx_word' id='word_1_176' title='bbox 750 1068 933 1131; x_wconf 85' lang='lat' dir='ltr'>possent,</span> <span class='ocrx_word' id='word_1_177' title='bbox 953 1040 1073 1106; x_wconf 73' lang='grc' dir='ltr'>1101οδ</span> <span class='ocrx_word' id='word_1_178' title='bbox 1066 1078 1236 1120; x_wconf 75' lang='lat' dir='ltr'>negare,</span> <span class='ocrx_word' id='word_1_179' title='bbox 1255 1064 1355 1117; x_wconf 85' lang='lat' dir='ltr'>quin</span> <span class='ocrx_word' id='word_1_180' title='bbox 1374 1063 1560 1117; x_wconf 90' lang='lat' dir='ltr'>ipsorum</span> <span class='ocrx_word' id='word_1_181' title='bbox 1580 1064 1608 1105; x_wconf 89' lang='grc'>81</span> <span class='ocrx_word' id='word_1_182' title='bbox 1626 1062 1852 1104; x_wconf 86' lang='lat' dir='ltr'>infantium</span> <span class='ocrx_word' id='word_1_183' title='bbox 1870 1063 2033 1104; x_wconf 80' lang='lat' dir='ltr'>diversa</span> 
     </span>
     <span class='ocr_line' id='line_1_17' title="bbox 93 1121 2032 1178; baseline -0.002 -13"><span class='ocrx_word' id='word_1_184' title='bbox 93 1124 201 1165; x_wconf 89' lang='lat' dir='ltr'>ratio</span> <span class='ocrx_word' id='word_1_185' title='bbox 223 1124 301 1166; x_wconf 88' lang='lat' dir='ltr'>sit:</span> <span class='ocrx_word' id='word_1_186' title='bbox 320 1139 371 1165; x_wconf 85' lang='lat' dir='ltr'>ex</span> <span class='ocrx_word' id='word_1_187' title='bbox 393 1125 537 1166; x_wconf 89' lang='lat' dir='ltr'>adulta</span> <span class='ocrx_word' id='word_1_188' title='bbox 555 1125 667 1166; x_wconf 89' lang='lat' dir='ltr'>enim</span> <span class='ocrx_word' id='word_1_189' title='bbox 684 1124 870 1166; x_wconf 78' lang='lat' dir='ltr'>malitia</span> <span class='ocrx_word' id='word_1_190' title='bbox 860 1138 973 1178; x_wconf 76' lang='lat' dir='ltr'>ipsm</span> <span class='ocrx_word' id='word_1_191' title='bbox 977 1138 1061 1173; x_wconf 90' lang='lat' dir='ltr'>um,</span> <span class='ocrx_word' id='word_1_192' title='bbox 1079 1123 1286 1176; x_wconf 85' lang='lat' dir='ltr'>siquidem</span> <span class='ocrx_word' id='word_1_193' title='bbox 1302 1122 1625 1176; x_wconf 90' lang='lat' dir='ltr'>impoenitentes</span> <span class='ocrx_word' id='word_1_194' title='bbox 1648 1122 1691 1161; x_wconf 89' lang='lat' dir='ltr'>in</span> <span class='ocrx_word' id='word_1_195' title='bbox 1719 1136 1767 1162; x_wconf 92' lang='lat' dir='ltr'>ea</span> <span class='ocrx_word' id='word_1_196' title='bbox 1785 1121 2032 1172; x_wconf 89' lang='lat' dir='ltr'>moriantur,</span> 
     </span>
     <span class='ocr_line' id='line_1_18' title="bbox 95 1156 2033 1238; baseline -0.002 -14"><span class='ocrx_word' id='word_1_197' title='bbox 95 1198 118 1224; x_wconf 86' lang='lat' dir='ltr'>a</span> <span class='ocrx_word' id='word_1_198' title='bbox 155 1183 376 1237; x_wconf 82' lang='lat' dir='ltr'>posteriori</span> <span class='ocrx_word' id='word_1_199' title='bbox 408 1183 744 1237; x_wconf 87' lang='lat' dir='ltr'>deprehendatur</span> <span class='ocrx_word' id='word_1_200' title='bbox 775 1185 893 1238; x_wconf 74' lang='lat' dir='ltr'>juxta</span> <span class='ocrx_word' id='word_1_201' title='bbox 916 1196 1010 1223; x_wconf 88' lang='lat' dir='ltr'>cum</span> <span class='ocrx_word' id='word_1_202' title='bbox 1028 1156 1222 1222; x_wconf 78' lang='lat' dir='ltr'>oinnibus</span> <span class='ocrx_word' id='word_1_203' title='bbox 1245 1181 1339 1221; x_wconf 89' lang='lat' dir='ltr'>aliis</span> <span class='ocrx_word' id='word_1_204' title='bbox 1358 1180 1513 1221; x_wconf 88' lang='lat' dir='ltr'>adultis</span> <span class='ocrx_word' id='word_1_205' title='bbox 1532 1180 1918 1234; x_wconf 89' lang='lat' dir='ltr'>impoenitentibus,</span> <span class='ocrx_word' id='word_1_206' title='bbox 1937 1181 2033 1221; x_wconf 91' lang='grc'>1101-</span> 
     </span>
     <span class='ocr_line' id='line_1_19' title="bbox 93 1238 2033 1294; baseline -0.002 -12"><span class='ocrx_word' id='word_1_207' title='bbox 93 1241 179 1282; x_wconf 89' lang='lat' dir='ltr'>lam</span> <span class='ocrx_word' id='word_1_208' title='bbox 210 1241 539 1283; x_wconf 88' lang='lat' dir='ltr'>foederationem</span> <span class='ocrx_word' id='word_1_209' title='bbox 572 1242 781 1283; x_wconf 87' lang='lat' dir='ltr'>internam</span> <span class='ocrx_word' id='word_1_210' title='bbox 814 1244 1010 1282; x_wconf 83' lang='lat' dir='ltr'>externae</span> <span class='ocrx_word' id='word_1_211' title='bbox 1032 1240 1354 1294; x_wconf 88' lang='lat' dir='ltr'>respondentem</span> <span class='ocrx_word' id='word_1_212' title='bbox 1372 1239 1542 1280; x_wconf 87' lang='lat' dir='ltr'>habere.</span> <span class='ocrx_word' id='word_1_213' title='bbox 1575 1238 1656 1280; x_wconf 84' lang='lat' dir='ltr'>Sed</span> <span class='ocrx_word' id='word_1_214' title='bbox 1674 1239 1820 1280; x_wconf 89' lang='lat' dir='ltr'>surdos</span> <span class='ocrx_word' id='word_1_215' title='bbox 1839 1239 2033 1280; x_wconf 78' lang='grc' dir='ltr'>011011νὶ-</span> 
     </span>
     <span class='ocr_line' id='line_1_20' title="bbox 92 1297 2034 1355; baseline -0.001 -15"><span class='ocrx_word' id='word_1_216' title='bbox 92 1301 180 1340; x_wconf 90' lang='lat' dir='ltr'>tate</span> <span class='ocrx_word' id='word_1_217' title='bbox 199 1301 228 1342; x_wconf 85' lang='grc'>81</span> <span class='ocrx_word' id='word_1_218' title='bbox 250 1299 487 1342; x_wconf 86' lang='lat' dir='ltr'>foederatos</span> <span class='ocrx_word' id='word_1_219' title='bbox 507 1301 685 1355; x_wconf 82' lang='lat' dir='ltr'>respexi,</span> <span class='ocrx_word' id='word_1_220' title='bbox 709 1301 782 1355; x_wconf 90' lang='lat' dir='ltr'>qui</span> <span class='ocrx_word' id='word_1_221' title='bbox 799 1302 822 1341; x_wconf 76' lang='lat' dir='ltr'>a</span> <span class='ocrx_word' id='word_1_222' title='bbox 839 1299 1062 1354; x_wconf 89' lang='lat' dir='ltr'>posteriori</span> <span class='ocrx_word' id='word_1_223' title='bbox 1079 1299 1221 1352; x_wconf 88' lang='lat' dir='ltr'>impiis</span> <span class='ocrx_word' id='word_1_224' title='bbox 1240 1298 1437 1352; x_wconf 88' lang='lat' dir='ltr'>operibus</span> <span class='ocrx_word' id='word_1_225' title='bbox 1454 1312 1537 1338; x_wconf 89' lang='lat' dir='ltr'>non</span> <span class='ocrx_word' id='word_1_226' title='bbox 1554 1297 1793 1345; x_wconf 84' lang='lat' dir='ltr'>ostendunt,</span> <span class='ocrx_word' id='word_1_227' title='bbox 1817 1300 2034 1339; x_wconf 89' lang='lat' dir='ltr'>externam</span> 
     </span>
     <span class='ocr_line' id='line_1_21' title="bbox 93 1356 2033 1413; baseline -0.002 -14"><span class='ocrx_word' id='word_1_228' title='bbox 93 1357 422 1400; x_wconf 89' lang='lat' dir='ltr'>foederationem</span> <span class='ocrx_word' id='word_1_229' title='bbox 453 1359 498 1399; x_wconf 91' lang='lat' dir='ltr'>in</span> <span class='ocrx_word' id='word_1_230' title='bbox 528 1359 631 1413; x_wconf 91' lang='lat' dir='ltr'>ipsis</span> <span class='ocrx_word' id='word_1_231' title='bbox 663 1358 923 1400; x_wconf 82' lang='lat' dir='ltr'>inefficacem</span> <span class='ocrx_word' id='word_1_232' title='bbox 951 1372 1059 1407; x_wconf 90' lang='lat' dir='ltr'>esse;</span> <span class='ocrx_word' id='word_1_233' title='bbox 1082 1372 1158 1398; x_wconf 88' lang='grc'>1100</span> <span class='ocrx_word' id='word_1_234' title='bbox 1184 1359 1327 1398; x_wconf 85' lang='grc'>10111011</span> <span class='ocrx_word' id='word_1_235' title='bbox 1349 1356 1587 1406; x_wconf 89' lang='lat' dir='ltr'>ostendunt,</span> <span class='ocrx_word' id='word_1_236' title='bbox 1607 1358 1680 1397; x_wconf 90' lang='lat' dir='ltr'>aut</span> <span class='ocrx_word' id='word_1_237' title='bbox 1697 1356 1915 1397; x_wconf 88' lang='lat' dir='ltr'>ostendere</span> <span class='ocrx_word' id='word_1_238' title='bbox 1938 1371 2033 1410; x_wconf 91' lang='lat' dir='ltr'>pos-</span> 
     </span>
     <span class='ocr_line' id='line_1_22' title="bbox 93 1415 2033 1472; baseline -0.002 -14"><span class='ocrx_word' id='word_1_239' title='bbox 93 1419 193 1458; x_wconf 85' lang='lat' dir='ltr'>sunt</span> <span class='ocrx_word' id='word_1_240' title='bbox 210 1431 253 1460; x_wconf 90' lang='lat' dir='ltr'>se</span> <span class='ocrx_word' id='word_1_241' title='bbox 270 1417 510 1472; x_wconf 87' lang='lat' dir='ltr'>intelligere</span> <span class='ocrx_word' id='word_1_242' title='bbox 528 1418 793 1472; x_wconf 86' lang='lat' dir='ltr'>euangelium</span> <span class='ocrx_word' id='word_1_243' title='bbox 819 1418 848 1459; x_wconf 84' lang='grc'>81</span> <span class='ocrx_word' id='word_1_244' title='bbox 866 1419 961 1458; x_wconf 88' lang='grc'>00111</span> <span class='ocrx_word' id='word_1_245' title='bbox 980 1417 1145 1457; x_wconf 84' lang='lat' dir='ltr'>credere</span> <span class='ocrx_word' id='word_1_246' title='bbox 1161 1415 1205 1456; x_wconf 89' lang='lat' dir='ltr'>in</span> <span class='ocrx_word' id='word_1_247' title='bbox 1223 1415 1459 1457; x_wconf 85' lang='lat' dir='ltr'>Christum:</span> <span class='ocrx_word' id='word_1_248' title='bbox 1485 1415 1595 1468; x_wconf 89' lang='lat' dir='ltr'>quod</span> <span class='ocrx_word' id='word_1_249' title='bbox 1621 1417 1763 1456; x_wconf 89' lang='lat' dir='ltr'>tamen</span> <span class='ocrx_word' id='word_1_250' title='bbox 1781 1415 1832 1456; x_wconf 91' lang='lat' dir='ltr'>ad</span> <span class='ocrx_word' id='word_1_251' title='bbox 1854 1415 2033 1456; x_wconf 87' lang='lat' dir='ltr'>salutem</span> 
     </span>
     <span class='ocr_line' id='line_1_23' title="bbox 92 1473 2035 1528; baseline -0.002 -11"><span class='ocrx_word' id='word_1_252' title='bbox 92 1475 374 1517; x_wconf 88' lang='lat' dir='ltr'>necessarium</span> <span class='ocrx_word' id='word_1_253' title='bbox 402 1476 494 1518; x_wconf 74' lang='lat' dir='ltr'>doh.</span> <span class='ocrx_word' id='word_1_254' title='bbox 529 1477 567 1517; x_wconf 87' lang='lat'>3.</span> <span class='ocrx_word' id='word_1_255' title='bbox 606 1477 671 1517; x_wconf 78' lang='lat'>16.</span> <span class='ocrx_word' id='word_1_256' title='bbox 707 1477 774 1517; x_wconf 83' lang='lat'>33.</span> <span class='ocrx_word' id='word_1_257' title='bbox 798 1476 923 1517; x_wconf 73' lang='lat' dir='ltr'>Hebr,</span> <span class='ocrx_word' id='word_1_258' title='bbox 942 1476 1009 1516; x_wconf 93' lang='grc'>11.</span> <span class='ocrx_word' id='word_1_259' title='bbox 1030 1475 1070 1516; x_wconf 85' lang='grc'>6.</span> <span class='ocrx_word' id='word_1_260' title='bbox 1096 1475 1230 1517; x_wconf 77' lang='lat' dir='ltr'>Galat.</span> <span class='ocrx_word' id='word_1_261' title='bbox 1249 1475 1288 1515; x_wconf 83' lang='lat'>6.</span> <span class='ocrx_word' id='word_1_262' title='bbox 1309 1474 1348 1514; x_wconf 86' lang='lat'>6.</span> <span class='ocrx_word' id='word_1_263' title='bbox 1367 1473 1430 1514; x_wconf 92' lang='lat' dir='ltr'>De</span> <span class='ocrx_word' id='word_1_264' title='bbox 1447 1474 1605 1514; x_wconf 83' lang='lat' dir='ltr'>talibus</span> <span class='ocrx_word' id='word_1_265' title='bbox 1624 1474 1659 1514; x_wconf 90' lang='lat' dir='ltr'>si</span> <span class='ocrx_word' id='word_1_266' title='bbox 1680 1474 1724 1514; x_wconf 91' lang='lat' dir='ltr'>in</span> <span class='ocrx_word' id='word_1_267' title='bbox 1741 1473 2035 1528; x_wconf 84' lang='lat' dir='ltr'>benigniorem</span> 
     </span>
     <span class='ocr_line' id='line_1_24' title="bbox 93 1532 2034 1589; baseline -0.002 -13"><span class='ocrx_word' id='word_1_268' title='bbox 93 1537 257 1588; x_wconf 86' lang='lat' dir='ltr'>partem</span> <span class='ocrx_word' id='word_1_269' title='bbox 289 1535 482 1584; x_wconf 89' lang='lat' dir='ltr'>sentiam,</span> <span class='ocrx_word' id='word_1_270' title='bbox 511 1549 586 1576; x_wconf 90' lang='lat' dir='ltr'>nec</span> <span class='ocrx_word' id='word_1_271' title='bbox 602 1535 645 1575; x_wconf 91' lang='lat' dir='ltr'>in</span> <span class='ocrx_word' id='word_1_272' title='bbox 663 1535 904 1589; x_wconf 88' lang='lat' dir='ltr'>oppositum</span> <span class='ocrx_word' id='word_1_273' title='bbox 922 1533 1201 1575; x_wconf 86' lang='lat' dir='ltr'>determinare</span> <span class='ocrx_word' id='word_1_274' title='bbox 1224 1532 1364 1582; x_wconf 83' lang='lat' dir='ltr'>velim,</span> <span class='ocrx_word' id='word_1_275' title='bbox 1387 1532 1492 1573; x_wconf 87' lang='lat' dir='ltr'>haut</span> <span class='ocrx_word' id='word_1_276' title='bbox 1509 1532 1633 1573; x_wconf 90' lang='lat' dir='ltr'>aliter</span> <span class='ocrx_word' id='word_1_277' title='bbox 1655 1547 1701 1573; x_wconf 88' lang='lat' dir='ltr'>ac</span> <span class='ocrx_word' id='word_1_278' title='bbox 1720 1532 1769 1573; x_wconf 88' lang='lat' dir='ltr'>de</span> <span class='ocrx_word' id='word_1_279' title='bbox 1786 1532 2034 1583; x_wconf 86' lang='lat' dir='ltr'>infantibus,</span> 
     </span>
     <span class='ocr_line' id='line_1_25' title="bbox 94 1590 2035 1647; baseline -0.001 -13"><span class='ocrx_word' id='word_1_280' title='bbox 94 1593 192 1646; x_wconf 90' lang='lat' dir='ltr'>quid</span> <span class='ocrx_word' id='word_1_281' title='bbox 223 1593 430 1647; x_wconf 78' lang='lat' dir='ltr'>periculi?</span> <span class='ocrx_word' id='word_1_282' title='bbox 468 1592 599 1635; x_wconf 91' lang='lat' dir='ltr'>Nullo</span> <span class='ocrx_word' id='word_1_283' title='bbox 617 1593 728 1635; x_wconf 91' lang='lat' dir='ltr'>enim</span> <span class='ocrx_word' id='word_1_284' title='bbox 751 1593 982 1647; x_wconf 87' lang='lat' dir='ltr'>scripturae</span> <span class='ocrx_word' id='word_1_285' title='bbox 1010 1591 1263 1642; x_wconf 78' lang='lat' dir='ltr'>testimonio,</span> <span class='ocrx_word' id='word_1_286' title='bbox 1282 1591 1400 1632; x_wconf 75' lang='lat' dir='ltr'>nulla</span> <span class='ocrx_word' id='word_1_287' title='bbox 1417 1591 1550 1632; x_wconf 74' lang='lat' dir='ltr'>solida</span> <span class='ocrx_word' id='word_1_288' title='bbox 1567 1591 1728 1632; x_wconf 85' lang='lat' dir='ltr'>ratione</span> <span class='ocrx_word' id='word_1_289' title='bbox 1746 1605 1884 1646; x_wconf 88' lang='lat' dir='ltr'>cogor.</span> <span class='ocrx_word' id='word_1_290' title='bbox 1916 1590 2035 1639; x_wconf 81' lang='lat' dir='ltr'>Quod</span> 
     </span>
     <span class='ocr_line' id='line_1_26' title="bbox 93 1649 2034 1706; baseline -0.001 -14"><span class='ocrx_word' id='word_1_291' title='bbox 93 1652 128 1692; x_wconf 88' lang='lat' dir='ltr'>si</span> <span class='ocrx_word' id='word_1_292' title='bbox 154 1652 249 1705; x_wconf 88' lang='lat' dir='ltr'>quis</span> <span class='ocrx_word' id='word_1_293' title='bbox 281 1651 401 1693; x_wconf 87' lang='lat' dir='ltr'>malit</span> <span class='ocrx_word' id='word_1_294' title='bbox 431 1652 476 1692; x_wconf 92' lang='lat' dir='ltr'>in</span> <span class='ocrx_word' id='word_1_295' title='bbox 507 1652 643 1693; x_wconf 88' lang='lat' dir='ltr'>medio</span> <span class='ocrx_word' id='word_1_296' title='bbox 675 1652 926 1706; x_wconf 89' lang='lat' dir='ltr'>relinquere,</span> <span class='ocrx_word' id='word_1_297' title='bbox 965 1653 1011 1692; x_wconf 88' lang='lat' dir='ltr'>ut</span> <span class='ocrx_word' id='word_1_298' title='bbox 1029 1652 1058 1693; x_wconf 87' lang='grc'>81</span> <span class='ocrx_word' id='word_1_299' title='bbox 1075 1651 1124 1691; x_wconf 91' lang='lat' dir='ltr'>de</span> <span class='ocrx_word' id='word_1_300' title='bbox 1141 1650 1376 1691; x_wconf 88' lang='lat' dir='ltr'>infantibus</span> <span class='ocrx_word' id='word_1_301' title='bbox 1391 1665 1400 1698; x_wconf 86' lang='lat'>;</span> <span class='ocrx_word' id='word_1_302' title='bbox 1418 1664 1502 1690; x_wconf 90' lang='grc'>11011</span> <span class='ocrx_word' id='word_1_303' title='bbox 1526 1650 1751 1691; x_wconf 90' lang='lat' dir='ltr'>contendo:</span> <span class='ocrx_word' id='word_1_304' title='bbox 1771 1649 1939 1690; x_wconf 85' lang='lat' dir='ltr'>fruatur</span> <span class='ocrx_word' id='word_1_305' title='bbox 1960 1663 2034 1690; x_wconf 92' lang='grc'>500</span> 
     </span>
     <span class='ocr_line' id='line_1_27' title="bbox 88 1708 2032 1764; baseline -0.001 -14"><span class='ocrx_word' id='word_1_306' title='bbox 88 1709 260 1763; x_wconf 88' lang='lat' dir='ltr'>judicio.</span> <span class='ocrx_word' id='word_1_307' title='bbox 277 1710 316 1750; x_wconf 83' lang='lat'>2.</span> <span class='ocrx_word' id='word_1_308' title='bbox 335 1710 484 1764; x_wconf 79' lang='lat' dir='ltr'>Eaecz‘pi</span> <span class='ocrx_word' id='word_1_309' title='bbox 499 1713 652 1764; x_wconf 90' lang='lat' dir='ltr'>posset.</span> <span class='ocrx_word' id='word_1_310' title='bbox 687 1710 798 1751; x_wconf 89' lang='lat' dir='ltr'>Hinc</span> <span class='ocrx_word' id='word_1_311' title='bbox 829 1709 947 1763; x_wconf 90' lang='lat' dir='ltr'>sequi</span> <span class='ocrx_word' id='word_1_312' title='bbox 964 1709 1128 1750; x_wconf 90' lang='lat' dir='ltr'>adultos</span> <span class='ocrx_word' id='word_1_313' title='bbox 1146 1708 1371 1762; x_wconf 87' lang='lat' dir='ltr'>justificari</span> <span class='ocrx_word' id='word_1_314' title='bbox 1389 1709 1418 1750; x_wconf 91' lang='grc'>81</span> <span class='ocrx_word' id='word_1_315' title='bbox 1436 1708 1485 1748; x_wconf 85' lang='lat' dir='ltr'>ad</span> <span class='ocrx_word' id='word_1_316' title='bbox 1505 1708 1684 1749; x_wconf 88' lang='lat' dir='ltr'>salutem</span> <span class='ocrx_word' id='word_1_317' title='bbox 1701 1708 1918 1762; x_wconf 86' lang='lat' dir='ltr'>pervenire</span> <span class='ocrx_word' id='word_1_318' title='bbox 1937 1708 2032 1749; x_wconf 90' lang='lat' dir='ltr'>abs-</span> 
     </span>
     <span class='ocr_line' id='line_1_28' title="bbox 93 1766 2033 1823; baseline -0.002 -14"><span class='ocrx_word' id='word_1_319' title='bbox 93 1782 173 1821; x_wconf 90' lang='lat' dir='ltr'>que</span> <span class='ocrx_word' id='word_1_320' title='bbox 194 1769 292 1810; x_wconf 90' lang='lat' dir='ltr'>fidei</span> <span class='ocrx_word' id='word_1_321' title='bbox 310 1771 405 1809; x_wconf 89' lang='lat' dir='ltr'>actu</span> <span class='ocrx_word' id='word_1_322' title='bbox 423 1770 452 1811; x_wconf 89' lang='grc'>81</span> <span class='ocrx_word' id='word_1_323' title='bbox 469 1767 626 1810; x_wconf 83' lang='lat' dir='ltr'>Christi</span> <span class='ocrx_word' id='word_1_324' title='bbox 643 1769 904 1823; x_wconf 89' lang='lat' dir='ltr'>cognitione:</span> <span class='ocrx_word' id='word_1_325' title='bbox 924 1768 1035 1822; x_wconf 90' lang='lat' dir='ltr'>quod</span> <span class='ocrx_word' id='word_1_326' title='bbox 1052 1767 1211 1808; x_wconf 88' lang='lat' dir='ltr'>accedit</span> <span class='ocrx_word' id='word_1_327' title='bbox 1233 1767 1285 1807; x_wconf 89' lang='lat' dir='ltr'>ad</span> <span class='ocrx_word' id='word_1_328' title='bbox 1301 1766 1551 1807; x_wconf 87' lang='lat' dir='ltr'>universalis</span> <span class='ocrx_word' id='word_1_329' title='bbox 1568 1767 1731 1821; x_wconf 91' lang='lat' dir='ltr'>gratiae</span> <span class='ocrx_word' id='word_1_330' title='bbox 1750 1769 2033 1808; x_wconf 88' lang='lat' dir='ltr'>commentum</span> 
     </span>
     <span class='ocr_line' id='line_1_29' title="bbox 93 1824 2032 1882; baseline -0.001 -15"><span class='ocrx_word' id='word_1_331' title='bbox 93 1825 517 1868; x_wconf 84' lang='lat' dir='ltr'>Remonstranticum.</span> <span class='ocrx_word' id='word_1_332' title='bbox 553 1828 672 1882; x_wconf 64' lang='lat' dir='ltr'>Respo.</span> <span class='ocrx_word' id='word_1_333' title='bbox 705 1827 880 1868; x_wconf 89' lang='lat' dir='ltr'>Minime</span> <span class='ocrx_word' id='word_1_334' title='bbox 912 1826 1115 1880; x_wconf 89' lang='lat' dir='ltr'>sequitur.</span> <span class='ocrx_word' id='word_1_335' title='bbox 1147 1825 1211 1866; x_wconf 88' lang='lat' dir='ltr'>De</span> <span class='ocrx_word' id='word_1_336' title='bbox 1242 1825 1400 1866; x_wconf 89' lang='lat' dir='ltr'>talibus</span> <span class='ocrx_word' id='word_1_337' title='bbox 1438 1824 1550 1865; x_wconf 90' lang='lat' dir='ltr'>enim</span> <span class='ocrx_word' id='word_1_338' title='bbox 1567 1825 1722 1866; x_wconf 89' lang='lat' dir='ltr'>adultis</span> <span class='ocrx_word' id='word_1_339' title='bbox 1740 1825 1979 1866; x_wconf 86' lang='lat' dir='ltr'>amentibus</span> <span class='ocrx_word' id='word_1_340' title='bbox 2002 1825 2032 1866; x_wconf 90' lang='grc'>81</span> 
     </span>
     <span class='ocr_line' id='line_1_30' title="bbox 93 1883 2031 1940; baseline -0.001 -15"><span class='ocrx_word' id='word_1_341' title='bbox 93 1885 227 1927; x_wconf 89' lang='lat' dir='ltr'>surdis</span> <span class='ocrx_word' id='word_1_342' title='bbox 239 1885 419 1940; x_wconf 85' lang='lat' dir='ltr'>judicari</span> <span class='ocrx_word' id='word_1_343' title='bbox 438 1885 578 1936; x_wconf 89' lang='lat' dir='ltr'>velim,</span> <span class='ocrx_word' id='word_1_344' title='bbox 600 1889 648 1927; x_wconf 95' lang='lat' dir='ltr'>ut</span> <span class='ocrx_word' id='word_1_345' title='bbox 664 1886 713 1927; x_wconf 93' lang='lat' dir='ltr'>de</span> <span class='ocrx_word' id='word_1_346' title='bbox 730 1885 979 1936; x_wconf 85' lang='lat' dir='ltr'>infantibus,</span> <span class='ocrx_word' id='word_1_347' title='bbox 1013 1884 1085 1938; x_wconf 91' lang='lat' dir='ltr'>qui</span> <span class='ocrx_word' id='word_1_348' title='bbox 1101 1884 1257 1937; x_wconf 90' lang='lat' dir='ltr'>absque</span> <span class='ocrx_word' id='word_1_349' title='bbox 1275 1883 1431 1924; x_wconf 89' lang='lat' dir='ltr'>actuali</span> <span class='ocrx_word' id='word_1_350' title='bbox 1447 1883 1685 1938; x_wconf 88' lang='lat' dir='ltr'>cognitione</span> <span class='ocrx_word' id='word_1_351' title='bbox 1703 1883 1860 1924; x_wconf 83' lang='lat' dir='ltr'>Christi</span> <span class='ocrx_word' id='word_1_352' title='bbox 1874 1883 2031 1938; x_wconf 89' lang='lat' dir='ltr'>justifi-</span> 
     </span>
     <span class='ocr_line' id='line_1_31' title="bbox 92 1941 2031 1999; baseline 0.001 -15"><span class='ocrx_word' id='word_1_353' title='bbox 92 1946 240 1985; x_wconf 89' lang='lat' dir='ltr'>cantur</span> <span class='ocrx_word' id='word_1_354' title='bbox 257 1944 287 1986; x_wconf 88' lang='grc'>81</span> <span class='ocrx_word' id='word_1_355' title='bbox 304 1944 532 1985; x_wconf 88' lang='lat' dir='ltr'>salvantur.</span> <span class='ocrx_word' id='word_1_356' title='bbox 566 1943 689 1985; x_wconf 87' lang='lat' dir='ltr'>Nihil</span> <span class='ocrx_word' id='word_1_357' title='bbox 707 1958 807 1999; x_wconf 90' lang='lat' dir='ltr'>ergo</span> <span class='ocrx_word' id='word_1_358' title='bbox 825 1944 902 1985; x_wconf 90' lang='lat' dir='ltr'>hoc</span> <span class='ocrx_word' id='word_1_359' title='bbox 924 1943 1128 1997; x_wconf 58' lang='lat' dir='ltr'>adgdictae</span> <span class='ocrx_word' id='word_1_360' title='bbox 1145 1942 1309 1997; x_wconf 89' lang='lat' dir='ltr'>gratiae</span> <span class='ocrx_word' id='word_1_361' title='bbox 1327 1941 1576 1983; x_wconf 86' lang='lat' dir='ltr'>universalis</span> <span class='ocrx_word' id='word_1_362' title='bbox 1597 1941 1857 1992; x_wconf 66' lang='grc' dir='ltr'>σιδηρόξυλεν.</span> <span class='ocrx_word' id='word_1_363' title='bbox 1883 1943 1921 1983; x_wconf 87' lang='grc'>3.</span> <span class='ocrx_word' id='word_1_364' title='bbox 1945 1943 2031 1984; x_wconf 68' lang='lat' dir='ltr'><strong><em>Ex·-</em></strong></span> 
     </span>
     <span class='ocr_line' id='line_1_32' title="bbox 90 2000 2031 2056; baseline -0.001 -13"><span class='ocrx_word' id='word_1_365' title='bbox 90 2002 172 2056; x_wconf 81' lang='lat' dir='ltr'>cipi</span> <span class='ocrx_word' id='word_1_366' title='bbox 201 2005 341 2056; x_wconf 89' lang='lat' dir='ltr'>posset</span> <span class='ocrx_word' id='word_1_367' title='bbox 374 2002 484 2043; x_wconf 87' lang='lat' dir='ltr'>Hinc</span> <span class='ocrx_word' id='word_1_368' title='bbox 501 2003 633 2056; x_wconf 90' lang='lat' dir='ltr'>sequi,</span> <span class='ocrx_word' id='word_1_369' title='bbox 651 2003 758 2044; x_wconf 89' lang='lat' dir='ltr'>tales</span> <span class='ocrx_word' id='word_1_370' title='bbox 776 2005 894 2043; x_wconf 84' lang='lat' dir='ltr'>extra</span> <span class='ocrx_word' id='word_1_371' title='bbox 911 2002 1100 2043; x_wconf 91' lang='lat' dir='ltr'>ordinem</span> <span class='ocrx_word' id='word_1_372' title='bbox 1117 2002 1146 2044; x_wconf 87' lang='grc'>81</span> <span class='ocrx_word' id='word_1_373' title='bbox 1167 2001 1415 2042; x_wconf 89' lang='lat' dir='ltr'>miraculose</span> <span class='ocrx_word' id='word_1_374' title='bbox 1443 2000 1588 2041; x_wconf 90' lang='lat' dir='ltr'>donari</span> <span class='ocrx_word' id='word_1_375' title='bbox 1605 2001 1762 2042; x_wconf 90' lang='lat' dir='ltr'>actuali</span> <span class='ocrx_word' id='word_1_376' title='bbox 1780 2001 1859 2042; x_wconf 88' lang='lat' dir='ltr'>fide</span> <span class='ocrx_word' id='word_1_377' title='bbox 1878 2002 1909 2041; x_wconf 79' lang='grc'>81</span> <span class='ocrx_word' id='word_1_378' title='bbox 1926 2000 2031 2041; x_wconf 86' lang='grc'>1051-</span> 
     </span>
     <span class='ocr_line' id='line_1_33' title="bbox 90 2058 2032 2115; baseline -0.001 -14"><span class='ocrx_word' id='word_1_379' title='bbox 90 2061 308 2113; x_wconf 88' lang='lat' dir='ltr'>piscentia.</span> <span class='ocrx_word' id='word_1_380' title='bbox 344 2060 477 2115; x_wconf 90' lang='lat' dir='ltr'>Atqui</span> <span class='ocrx_word' id='word_1_381' title='bbox 513 2061 720 2115; x_wconf 87' lang='lat' dir='ltr'>posterius</span> <span class='ocrx_word' id='word_1_382' title='bbox 758 2060 936 2102; x_wconf 87' lang='lat' dir='ltr'>falsum:</span> <span class='ocrx_word' id='word_1_383' title='bbox 970 2075 1065 2101; x_wconf 90' lang='lat' dir='ltr'>cum</span> <span class='ocrx_word' id='word_1_384' title='bbox 1095 2060 1140 2100; x_wconf 91' lang='lat' dir='ltr'>in</span> <span class='ocrx_word' id='word_1_385' title='bbox 1175 2059 1387 2114; x_wconf 89' lang='lat' dir='ltr'>plerisque</span> <span class='ocrx_word' id='word_1_386' title='bbox 1419 2073 1469 2099; x_wconf 86' lang='lat' dir='ltr'>ex</span> <span class='ocrx_word' id='word_1_387' title='bbox 1505 2058 1592 2100; x_wconf 90' lang='lat' dir='ltr'>illis</span> <span class='ocrx_word' id='word_1_388' title='bbox 1622 2059 1666 2100; x_wconf 87' lang='lat' dir='ltr'>id</span> <span class='ocrx_word' id='word_1_389' title='bbox 1696 2060 1812 2100; x_wconf 93' lang='lat' dir='ltr'>nullo</span> <span class='ocrx_word' id='word_1_390' title='bbox 1847 2059 1968 2113; x_wconf 89' lang='lat' dir='ltr'>signo</span> <span class='ocrx_word' id='word_1_391' title='bbox 2007 2061 2032 2099; x_wconf 80' lang='grc'>0</span> 
     </span>
     <span class='ocr_line' id='line_1_34' title="bbox 90 2116 2030 2174; baseline -0.001 -14"><span class='ocrx_word' id='word_1_392' title='bbox 90 2119 312 2172; x_wconf 82' lang='lat' dir='ltr'>posteriori</span> <span class='ocrx_word' id='word_1_393' title='bbox 349 2119 604 2173; x_wconf 89' lang='lat' dir='ltr'>deprehendi</span> <span class='ocrx_word' id='word_1_394' title='bbox 641 2119 787 2174; x_wconf 88' lang='lat' dir='ltr'>possit.</span> <span class='ocrx_word' id='word_1_395' title='bbox 820 2119 947 2174; x_wconf 87' lang='lat' dir='ltr'>Ergo.</span> <span class='ocrx_word' id='word_1_396' title='bbox 981 2119 1101 2173; x_wconf 79' lang='lat' dir='ltr'>Resp.</span> <span class='ocrx_word' id='word_1_397' title='bbox 1125 2117 1422 2171; x_wconf 88' lang='lat' dir='ltr'>consequentia</span> <span class='ocrx_word' id='word_1_398' title='bbox 1453 2120 1647 2171; x_wconf 88' lang='lat' dir='ltr'>negatur.</span> <span class='ocrx_word' id='word_1_399' title='bbox 1679 2116 1855 2159; x_wconf 83' lang='lat' dir='ltr'>Sienim</span> <span class='ocrx_word' id='word_1_400' title='bbox 1873 2118 1923 2158; x_wconf 91' lang='lat' dir='ltr'>de</span> <span class='ocrx_word' id='word_1_401' title='bbox 1944 2117 2030 2159; x_wconf 89' lang='lat' dir='ltr'>illis</span> 
     </span>
     <span class='ocr_line' id='line_1_35' title="bbox 91 2175 2030 2232; baseline -0.001 -15"><span class='ocrx_word' id='word_1_402' title='bbox 91 2177 307 2232; x_wconf 88' lang='lat' dir='ltr'>analogice</span> <span class='ocrx_word' id='word_1_403' title='bbox 334 2177 606 2232; x_wconf 86' lang='lat' dir='ltr'>judicandum</span> <span class='ocrx_word' id='word_1_404' title='bbox 639 2178 707 2229; x_wconf 91' lang='lat' dir='ltr'>sit,</span> <span class='ocrx_word' id='word_1_405' title='bbox 733 2177 844 2232; x_wconf 91' lang='lat' dir='ltr'>quod</span> <span class='ocrx_word' id='word_1_406' title='bbox 861 2178 910 2218; x_wconf 90' lang='lat' dir='ltr'>de</span> <span class='ocrx_word' id='word_1_407' title='bbox 931 2177 1166 2218; x_wconf 87' lang='lat' dir='ltr'>infantibus</span> <span class='ocrx_word' id='word_1_408' title='bbox 1188 2177 1352 2230; x_wconf 88' lang='lat' dir='ltr'>spiritu,</span> <span class='ocrx_word' id='word_1_409' title='bbox 1371 2175 1528 2217; x_wconf 88' lang='lat' dir='ltr'>semine</span> <span class='ocrx_word' id='word_1_410' title='bbox 1546 2177 1574 2218; x_wconf 83' lang='grc'>81</span> <span class='ocrx_word' id='word_1_411' title='bbox 1593 2176 1730 2217; x_wconf 89' lang='lat' dir='ltr'>radice</span> <span class='ocrx_word' id='word_1_412' title='bbox 1747 2176 1843 2217; x_wconf 89' lang='lat' dir='ltr'>fidei</span> <span class='ocrx_word' id='word_1_413' title='bbox 1865 2176 2030 2229; x_wconf 89' lang='lat' dir='ltr'>praedi-</span> 
     </span>
     <span class='ocr_line' id='line_1_36' title="bbox 89 2233 2029 2291; baseline -0.001 -15"><span class='ocrx_word' id='word_1_414' title='bbox 89 2235 163 2285; x_wconf 83' lang='lat' dir='ltr'>tis3</span> <span class='ocrx_word' id='word_1_415' title='bbox 182 2236 299 2276; x_wconf 90' lang='lat' dir='ltr'>nulla</span> <span class='ocrx_word' id='word_1_416' title='bbox 319 2235 549 2290; x_wconf 87' lang='lat' dir='ltr'>requiritur</span> <span class='ocrx_word' id='word_1_417' title='bbox 566 2236 750 2291; x_wconf 89' lang='lat' dir='ltr'>cognitio</span> <span class='ocrx_word' id='word_1_418' title='bbox 768 2235 926 2278; x_wconf 89' lang='lat' dir='ltr'>Christi</span> <span class='ocrx_word' id='word_1_419' title='bbox 942 2236 972 2277; x_wconf 86' lang='grc'>81</span> <span class='ocrx_word' id='word_1_420' title='bbox 989 2235 1091 2276; x_wconf 90' lang='lat' dir='ltr'>fides</span> <span class='ocrx_word' id='word_1_421' title='bbox 1109 2235 1298 2276; x_wconf 86' lang='lat' dir='ltr'>actualis.</span> <span class='ocrx_word' id='word_1_422' title='bbox 1331 2233 1449 2282; x_wconf 77' lang='lat' dir='ltr'>Quod</span> <span class='ocrx_word' id='word_1_423' title='bbox 1467 2234 1518 2274; x_wconf 89' lang='lat' dir='ltr'>ad</span> <span class='ocrx_word' id='word_1_424' title='bbox 1534 2235 1707 2276; x_wconf 89' lang='lat' dir='ltr'>minoris</span> <span class='ocrx_word' id='word_1_425' title='bbox 1724 2234 2029 2289; x_wconf 86' lang='lat' dir='ltr'>probationem,</span> 
     </span>
     <span class='ocr_line' id='line_1_37' title="bbox 90 2292 2028 2349; baseline 0 -16"><span class='ocrx_word' id='word_1_426' title='bbox 90 2292 226 2336; x_wconf 87' lang='lat' dir='ltr'>fateor</span> <span class='ocrx_word' id='word_1_427' title='bbox 248 2294 291 2335; x_wconf 93' lang='lat' dir='ltr'>in</span> <span class='ocrx_word' id='word_1_428' title='bbox 313 2293 550 2335; x_wconf 86' lang='lat' dir='ltr'>amentibus</span> <span class='ocrx_word' id='word_1_429' title='bbox 572 2295 714 2346; x_wconf 89' lang='lat' dir='ltr'>nullis,</span> <span class='ocrx_word' id='word_1_430' title='bbox 748 2295 893 2348; x_wconf 84' lang='lat' dir='ltr'>quales</span> <span class='ocrx_word' id='word_1_431' title='bbox 921 2308 999 2349; x_wconf 92' lang='lat' dir='ltr'>ego</span> <span class='ocrx_word' id='word_1_432' title='bbox 1015 2294 1223 2348; x_wconf 88' lang='lat' dir='ltr'>intelligo,</span> <span class='ocrx_word' id='word_1_433' title='bbox 1247 2292 1503 2347; x_wconf 89' lang='lat' dir='ltr'>deprehendi</span> <span class='ocrx_word' id='word_1_434' title='bbox 1524 2307 1665 2346; x_wconf 85' lang='lat' dir='ltr'>posse:</span> <span class='ocrx_word' id='word_1_435' title='bbox 1696 2294 1767 2334; x_wconf 90' lang='lat' dir='ltr'>sed</span> <span class='ocrx_word' id='word_1_436' title='bbox 1791 2293 1834 2334; x_wconf 90' lang='lat' dir='ltr'>in</span> <span class='ocrx_word' id='word_1_437' title='bbox 1851 2292 1946 2333; x_wconf 89' lang='lat' dir='ltr'>aliis</span> <span class='ocrx_word' id='word_1_438' title='bbox 1963 2292 2028 2333; x_wconf 87' lang='lat' dir='ltr'>fa-</span> 
     </span>
     <span class='ocr_line' id='line_1_38' title="bbox 90 2351 2027 2407; baseline -0.001 -14"><span class='ocrx_word' id='word_1_439' title='bbox 90 2352 174 2393; x_wconf 90' lang='lat' dir='ltr'>tuis</span> <span class='ocrx_word' id='word_1_440' title='bbox 192 2352 276 2394; x_wconf 90' lang='lat' dir='ltr'>late</span> <span class='ocrx_word' id='word_1_441' title='bbox 299 2352 494 2406; x_wconf 63' lang='grc'>00009115,</span> <span class='ocrx_word' id='word_1_442' title='bbox 518 2353 591 2406; x_wconf 86' lang='grc'>001</span> <span class='ocrx_word' id='word_1_443' title='bbox 612 2356 783 2407; x_wconf 89' lang='lat' dir='ltr'>peccata</span> <span class='ocrx_word' id='word_1_444' title='bbox 814 2353 996 2394; x_wconf 89' lang='lat' dir='ltr'>actualia</span> <span class='ocrx_word' id='word_1_445' title='bbox 1017 2353 1145 2393; x_wconf 89' lang='lat' dir='ltr'>immo</span> <span class='ocrx_word' id='word_1_446' title='bbox 1178 2353 1207 2394; x_wconf 91' lang='grc'>81</span> <span class='ocrx_word' id='word_1_447' title='bbox 1225 2352 1382 2393; x_wconf 87' lang='grc'>5001010</span> <span class='ocrx_word' id='word_1_448' title='bbox 1399 2352 1659 2393; x_wconf 87' lang='lat' dir='ltr'>committere</span> <span class='ocrx_word' id='word_1_449' title='bbox 1682 2366 1802 2406; x_wconf 87' lang='lat' dir='ltr'>posse</span> <span class='ocrx_word' id='word_1_450' title='bbox 1820 2351 2027 2402; x_wconf 89' lang='lat' dir='ltr'>dicuntur,</span> 
     </span>
     <span class='ocr_line' id='line_1_39' title="bbox 90 2408 2028 2465; baseline -0.001 -13"><span class='ocrx_word' id='word_1_451' title='bbox 90 2425 172 2452; x_wconf 91' lang='lat' dir='ltr'>non</span> <span class='ocrx_word' id='word_1_452' title='bbox 205 2411 325 2452; x_wconf 88' lang='lat' dir='ltr'>video</span> <span class='ocrx_word' id='word_1_453' title='bbox 357 2411 562 2464; x_wconf 88' lang='lat' dir='ltr'>quomodo</span> <span class='ocrx_word' id='word_1_454' title='bbox 593 2411 773 2453; x_wconf 77' lang='lat' dir='ltr'>inveniri</span> <span class='ocrx_word' id='word_1_455' title='bbox 794 2412 824 2452; x_wconf 81' lang='grc'>81</span> <span class='ocrx_word' id='word_1_456' title='bbox 841 2411 1096 2465; x_wconf 90' lang='lat' dir='ltr'>deprehendi</span> <span class='ocrx_word' id='word_1_457' title='bbox 1117 2413 1341 2464; x_wconf 89' lang='lat' dir='ltr'>nequeant.</span> <span class='ocrx_word' id='word_1_458' title='bbox 1374 2408 1423 2450; x_wconf 92' lang='lat' dir='ltr'>In</span> <span class='ocrx_word' id='word_1_459' title='bbox 1441 2410 1575 2451; x_wconf 89' lang='lat' dir='ltr'>surdis</span> <span class='ocrx_word' id='word_1_460' title='bbox 1592 2410 1802 2464; x_wconf 89' lang='lat' dir='ltr'>plerisque</span> <span class='ocrx_word' id='word_1_461' title='bbox 1820 2409 2028 2451; x_wconf 85' lang='lat' dir='ltr'>actualem</span> 
     </span>
     <span class='ocr_line' id='line_1_40' title="bbox 90 2468 2028 2524; baseline -0.001 -14"><span class='ocrx_word' id='word_1_462' title='bbox 90 2469 215 2511; x_wconf 91' lang='lat' dir='ltr'>fidem</span> <span class='ocrx_word' id='word_1_463' title='bbox 233 2469 500 2524; x_wconf 87' lang='lat' dir='ltr'>deprehendi,</span> <span class='ocrx_word' id='word_1_464' title='bbox 523 2469 619 2510; x_wconf 92' lang='lat' dir='ltr'>nolo</span> <span class='ocrx_word' id='word_1_465' title='bbox 651 2483 858 2511; x_wconf 88' lang='lat' dir='ltr'>asserere:</span> <span class='ocrx_word' id='word_1_466' title='bbox 893 2469 1092 2518; x_wconf 74' lang='lat' dir='ltr'>Quamvis</span> <span class='ocrx_word' id='word_1_467' title='bbox 1124 2469 1342 2519; x_wconf 69' lang='lat' dir='ltr'>Lullzems,</span> <span class='ocrx_word' id='word_1_468' title='bbox 1363 2468 1615 2519; x_wconf 69' lang='lat' dir='ltr'>Melanthea,</span> <span class='ocrx_word' id='word_1_469' title='bbox 1634 2469 1890 2519; x_wconf 70' lang='grc' dir='ltr'>Βαίάηίηῑιε,</span> <span class='ocrx_word' id='word_1_470' title='bbox 1908 2469 1937 2510; x_wconf 85' lang='grc'>81</span> <span class='ocrx_word' id='word_1_471' title='bbox 1956 2468 2028 2521; x_wconf 91' lang='lat' dir='ltr'>qui</span> 
     </span>
     <span class='ocr_line' id='line_1_41' title="bbox 90 2526 2026 2582; baseline -0.001 -13"><span class='ocrx_word' id='word_1_472' title='bbox 90 2541 160 2569; x_wconf 87' lang='lat' dir='ltr'>eos</span> <span class='ocrx_word' id='word_1_473' title='bbox 176 2530 409 2582; x_wconf 88' lang='lat' dir='ltr'>sequuntur</span> <span class='ocrx_word' id='word_1_474' title='bbox 425 2527 478 2568; x_wconf 91' lang='lat' dir='ltr'>ab</span> <span class='ocrx_word' id='word_1_475' title='bbox 501 2528 730 2569; x_wconf 89' lang='lat' dir='ltr'>assertione</span> <span class='ocrx_word' id='word_1_476' title='bbox 745 2542 829 2569; x_wconf 88' lang='lat' dir='ltr'>non</span> <span class='ocrx_word' id='word_1_477' title='bbox 845 2530 934 2568; x_wconf 91' lang='lat' dir='ltr'>tam</span> <span class='ocrx_word' id='word_1_478' title='bbox 950 2528 1093 2581; x_wconf 91' lang='lat' dir='ltr'>procul</span> <span class='ocrx_word' id='word_1_479' title='bbox 1112 2527 1257 2569; x_wconf 87' lang='lat' dir='ltr'>abesse</span> <span class='ocrx_word' id='word_1_480' title='bbox 1275 2527 1508 2568; x_wconf 88' lang='lat' dir='ltr'>videantur.</span> <span class='ocrx_word' id='word_1_481' title='bbox 1528 2526 1647 2576; x_wconf 78' lang='lat' dir='ltr'>Quod</span> <span class='ocrx_word' id='word_1_482' title='bbox 1664 2527 1716 2568; x_wconf 88' lang='lat' dir='ltr'>ad</span> <span class='ocrx_word' id='word_1_483' title='bbox 1732 2527 2026 2569; x_wconf 87' lang='lat' dir='ltr'>miraculosam</span> 
     </span>
     <span class='ocr_line' id='line_1_42' title="bbox 91 2584 2027 2640; baseline -0.001 -13"><span class='ocrx_word' id='word_1_484' title='bbox 91 2585 358 2628; x_wconf 89' lang='lat' dir='ltr'>donationem</span> <span class='ocrx_word' id='word_1_485' title='bbox 374 2585 486 2636; x_wconf 91' lang='lat' dir='ltr'>fidei,</span> <span class='ocrx_word' id='word_1_486' title='bbox 504 2586 662 2639; x_wconf 85' lang='lat' dir='ltr'>absque</span> <span class='ocrx_word' id='word_1_487' title='bbox 678 2586 827 2627; x_wconf 89' lang='lat' dir='ltr'>mediis</span> <span class='ocrx_word' id='word_1_488' title='bbox 845 2586 1027 2627; x_wconf 84' lang='lat' dir='ltr'>externis</span> <span class='ocrx_word' id='word_1_489' title='bbox 1045 2585 1279 2634; x_wconf 90' lang='lat' dir='ltr'>ordinariis,</span> <span class='ocrx_word' id='word_1_490' title='bbox 1303 2599 1386 2626; x_wconf 89' lang='lat' dir='ltr'>non</span> <span class='ocrx_word' id='word_1_491' title='bbox 1403 2584 1566 2636; x_wconf 89' lang='lat' dir='ltr'>desunt,</span> <span class='ocrx_word' id='word_1_492' title='bbox 1599 2586 1672 2639; x_wconf 85' lang='lat' dir='ltr'>qui</span> <span class='ocrx_word' id='word_1_493' title='bbox 1703 2586 1873 2640; x_wconf 86' lang='lat' dir='ltr'>aliquo&#39;</span> <span class='ocrx_word' id='word_1_494' title='bbox 1862 2600 1906 2626; x_wconf 87' lang='grc'>111</span> <span class='ocrx_word' id='word_1_495' title='bbox 1928 2600 2027 2627; x_wconf 85' lang='grc'>0050</span> 
     </span>
     <span class='ocr_line' id='line_1_43' title="bbox 89 2618 2028 2698; baseline -0.002 -13"><span class='ocrx_word' id='word_1_496' title='bbox 89 2644 373 2686; x_wconf 88' lang='lat' dir='ltr'>admitterent.</span> <span class='ocrx_word' id='word_1_497' title='bbox 406 2618 489 2685; x_wconf 84' lang='lat' dir='ltr'>Sed</span> <span class='ocrx_word' id='word_1_498' title='bbox 504 2644 630 2698; x_wconf 88' lang='lat' dir='ltr'>hujus</span> <span class='ocrx_word' id='word_1_499' title='bbox 648 2644 728 2685; x_wconf 90' lang='grc'>1001</span> <span class='ocrx_word' id='word_1_500' title='bbox 749 2659 833 2685; x_wconf 89' lang='lat' dir='ltr'>non</span> <span class='ocrx_word' id='word_1_501' title='bbox 850 2647 914 2685; x_wconf 90' lang='lat' dir='ltr'>est</span> <span class='ocrx_word' id='word_1_502' title='bbox 931 2659 1024 2686; x_wconf 88' lang='lat' dir='ltr'>eam</span> <span class='ocrx_word' id='word_1_503' title='bbox 1040 2644 1280 2697; x_wconf 90' lang='lat' dir='ltr'>opinionem</span> <span class='ocrx_word' id='word_1_504' title='bbox 1307 2643 1540 2696; x_wconf 85' lang='lat' dir='ltr'>approbare</span> <span class='ocrx_word' id='word_1_505' title='bbox 1557 2646 1631 2684; x_wconf 87' lang='lat' dir='ltr'>aut</span> <span class='ocrx_word' id='word_1_506' title='bbox 1651 2644 1903 2698; x_wconf 88' lang='lat' dir='ltr'>improbare.</span> <span class='ocrx_word' id='word_1_507' title='bbox 1937 2642 2028 2685; x_wconf 82' lang='lat' dir='ltr'>Nos</span> 
     </span>
     <span class='ocr_line' id='line_1_44' title="bbox 90 2701 2027 2756; baseline -0.001 -12"><span class='ocrx_word' id='word_1_508' title='bbox 90 2703 201 2744; x_wconf 82' lang='lat' dir='ltr'>enim</span> <span class='ocrx_word' id='word_1_509' title='bbox 231 2703 339 2744; x_wconf 90' lang='lat' dir='ltr'>nulli</span> <span class='ocrx_word' id='word_1_510' title='bbox 371 2702 547 2743; x_wconf 86' lang='lat' dir='ltr'>actualis</span> <span class='ocrx_word' id='word_1_511' title='bbox 574 2702 670 2743; x_wconf 91' lang='lat' dir='ltr'>fidei</span> <span class='ocrx_word' id='word_1_512' title='bbox 685 2701 959 2743; x_wconf 86' lang='lat' dir='ltr'>fundamento</span> <span class='ocrx_word' id='word_1_513' title='bbox 976 2702 1199 2756; x_wconf 86' lang='lat' dir='ltr'>benignius</span> <span class='ocrx_word' id='word_1_514' title='bbox 1212 2702 1417 2756; x_wconf 89' lang='lat' dir='ltr'>judicium</span> <span class='ocrx_word' id='word_1_515' title='bbox 1435 2701 1483 2743; x_wconf 88' lang='lat' dir='ltr'>de</span> <span class='ocrx_word' id='word_1_516' title='bbox 1506 2702 1737 2744; x_wconf 87' lang='lat' dir='ltr'>amentium</span> <span class='ocrx_word' id='word_1_517' title='bbox 1755 2704 1784 2746; x_wconf 91' lang='grc'>81</span> <span class='ocrx_word' id='word_1_518' title='bbox 1807 2703 2027 2744; x_wconf 89' lang='lat' dir='ltr'>surdorum</span> 
     </span>
     <span class='ocr_line' id='line_1_45' title="bbox 90 2760 2027 2816; baseline -0.001 -14"><span class='ocrx_word' id='word_1_519' title='bbox 90 2763 204 2802; x_wconf 85' lang='lat' dir='ltr'>statu</span> <span class='ocrx_word' id='word_1_520' title='bbox 228 2761 556 2809; x_wconf 87' lang='lat' dir='ltr'>inaedificamus,</span> <span class='ocrx_word' id='word_1_521' title='bbox 584 2761 656 2801; x_wconf 92' lang='lat' dir='ltr'>sed</span> <span class='ocrx_word' id='word_1_522' title='bbox 673 2760 792 2816; x_wconf 86' lang='lat' dir='ltr'>[pag.</span> <span class='ocrx_word' id='word_1_523' title='bbox 812 2761 918 2815; x_wconf 83' lang='lat'>432]</span> <span class='ocrx_word' id='word_1_524' title='bbox 941 2760 1100 2802; x_wconf 87' lang='lat' dir='ltr'>foederi</span> <span class='ocrx_word' id='word_1_525' title='bbox 1116 2760 1256 2802; x_wconf 83' lang='lat' dir='ltr'>divino</span> <span class='ocrx_word' id='word_1_526' title='bbox 1274 2762 1303 2803; x_wconf 90' lang='grc'>81</span> <span class='ocrx_word' id='word_1_527' title='bbox 1319 2760 1509 2802; x_wconf 89' lang='lat' dir='ltr'>internae</span> <span class='ocrx_word' id='word_1_528' title='bbox 1525 2761 1688 2815; x_wconf 89' lang='lat' dir='ltr'>gratiae</span> <span class='ocrx_word' id='word_1_529' title='bbox 1707 2762 1880 2816; x_wconf 88' lang='lat' dir='ltr'>spiritus</span> <span class='ocrx_word' id='word_1_530' title='bbox 1897 2775 1945 2802; x_wconf 88' lang='lat' dir='ltr'>ac</span> <span class='ocrx_word' id='word_1_531' title='bbox 1962 2775 2027 2802; x_wconf 91' lang='lat' dir='ltr'>se-</span> 
     </span>
     <span class='ocr_line' id='line_1_46' title="bbox 89 2817 2019 2876; baseline -0.001 -16"><span class='ocrx_word' id='word_1_532' title='bbox 89 2819 214 2860; x_wconf 89' lang='lat' dir='ltr'>minis</span> <span class='ocrx_word' id='word_1_533' title='bbox 245 2819 355 2871; x_wconf 88' lang='lat' dir='ltr'>fidei,</span> <span class='ocrx_word' id='word_1_534' title='bbox 387 2834 494 2874; x_wconf 89' lang='lat' dir='ltr'>quae</span> <span class='ocrx_word' id='word_1_535' title='bbox 527 2821 698 2861; x_wconf 85' lang='lat' dir='ltr'>externo</span> <span class='ocrx_word' id='word_1_536' title='bbox 724 2818 881 2860; x_wconf 89' lang='lat' dir='ltr'>foederi</span> <span class='ocrx_word' id='word_1_537' title='bbox 903 2819 1139 2873; x_wconf 87' lang='lat' dir='ltr'>respondet,</span> <span class='ocrx_word' id='word_1_538' title='bbox 1167 2833 1298 2872; x_wconf 87' lang='lat' dir='ltr'>eoque</span> <span class='ocrx_word' id='word_1_539' title='bbox 1315 2817 1573 2872; x_wconf 82' lang='lat' dir='ltr'>designatur,</span> <span class='ocrx_word' id='word_1_540' title='bbox 1597 2820 1714 2862; x_wconf 76' lang='grc'>111510</span> <span class='ocrx_word' id='word_1_541' title='bbox 1731 2819 1952 2876; x_wconf 91' lang='lat' dir='ltr'>posteriori</span> <span class='ocrx_word' id='word_1_542' title='bbox 1970 2833 2019 2860; x_wconf 85' lang='lat' dir='ltr'>ex</span> 
     </span>
    </p>

    <p class='ocr_par' dir='ltr' id='par_1_3' title="bbox 1927 2891 2022 2918">
     <span class='ocr_line' id='line_1_47' title="bbox 1927 2891 2022 2918; baseline 0 0"><span class='ocrx_word' id='word_1_543' title='bbox 1927 2891 2022 2918; x_wconf 86' lang='lat' dir='ltr'>con-</span> 
     </span>
    </p>
   </div>
  </div>
 </body>
</html>
