2399 3084
735 77 1082 118 A11'1'‹›1.·1'1'As
1115 76 1502 119 S‹71‹.11‘'1'{t}tA111.
2027 83 2072 122 2]

136 201 388 243 atttentieum
420 201 640 241 dictantem
671 201 771 242 haut
803 200 969 241 obscur-‹³›
1004 201 1161 255 (ta-iunt
1193 201 1421 255 lallibilem,
1454 203 1606 256 quippe
1633 203 1955 258 ‹latineqaidem
1986 213 2083 246 tunc

137 259 363 315 cogynoverit
394 259 622 301 seeundum
661 259 769 314 ipsos
803 260 993 300 Mes-siam
1029 274 1110 301 csse
1129 273 1259 314 realem
1276 261 1546 314 spiritualem.
1580 262 1813 302 Scdcontra
1834 263 2076 313 notandum,

139 332 234 361 eum
266 320 415 360 eoeserte
447 318 527 359 (lici
560 318 759 371 repletum
791 318 1004 373 SpirituS.
1031 317 1071 359 iit·
1099 318 1367 372 Prophetas-sc
1383 318 1518 360 Lucae
1538 319 1567 360 I.
1594 335 1629 361 v,
1651 320 1718 360 67.
1755 321 1801 361 Et
1820 321 1929 375 quod
1945 322 2082 363 codem

141 378 207 419 illo
235 377 280 419 in
312 376 465 418 cantico
492 377 702 431 assnoverit
736 377 950 430 spirituale
974 391 1145 431 requam
1166 378 1347 429 Allessiae,
1365 386 1518 419 constat
1536 392 1585 419 ar
1603 393 1640 418 v.
1661 379 1727 419 70.
1749 379 1816 419 71.
1839 379 1903 419 72.
1926 379 1990 420 76.
2013 379 2080 421 77.

140 435 206 477 78.
243 435 310 477 79.
343 436 405 477 De
436 435 640 477 Simeonis
673 435 825 489 spiritu
855 436 1102 490 proplwtico,
1123 436 1162 477 a·
1178 436 1332 477 (livinis
1350 437 1528 478 oraculis
1545 445 1662 492 atque
1678 437 1869 493 alloquiis
1891 439 2082 481 docemur

138 493 273 535 Lucae
287 494 325 535 2.
345 509 382 534 v.
404 493 471 534 25.
496 493 564 534 26.
583 493 636 533 27
673 494 741 533 34.
761 494 829 534 35.

201 551 296 594 XII.
329 552 397 595 An
417 552 483 593 70.
502 552 708 606 discipuli,
727 552 766 593 a·
788 553 972 606 Apostoli
988 561 1082 595 (trite
1102 562 1261 609 accepta
1283 554 1391 595 (lona
1414 554 1525 608 Spir.
1549 553 1590 595 S.
1611 554 1769 607 (Actor.
1788 555 1846 608 2.)
1864 555 2021 610 suerint
2040 556 2084 597 in

136 612 363 665 coqntttone
393 610 433 653 a·
463 611 651 654 doctrina
670 610 910 664 infallibiles
928 610 947 652 ἓ)
968 611 1095 665 Resp.
1131 611 1240 667 Neg.
1267 613 1417 654 Docent
1436 613 1507 654 stoc
1524 613 1768 668 *niultiplices
1785 628 1955 665 errores,
1988 615 2079 656 ltal-

137 671 416 721 lucinationes,
444 669 484 712 ‹fi‘
505 669 777 712 dubitationes
794 671 1095 722 Apostolorum.

194 728 312 770 XIII.
345 729 409 770 An
442 743 490 770 ex
520 729 623 783 facto
658 729 781 778 Petri,
812 727 950 769 Galat.
984 730 1022 771 2.
1062 728 1113 770 a:
1154 730 1294 771 Actor.
1322 730 1387 770 10.
1422 744 1516 772 cum
1536 731 1601 772 11.
1621 731 1897 785 colliqipossit
1921 745 2013 773 eum
2033 732 2077 773 in

137 788 474 842 (loctrinafaisse
490 788 716 842 fallibilem.
752 786 878 840 Resp.
898 787 1006 842 Neg.

195 845 311 888 XIV.
330 847 395 889 An
415 847 458 887 in
479 846 680 900 .lpostolis
699 846 875 900 sinqulis
889 854 978 899 post
992 855 1271 900 pentecostem,
1293 848 1466 902 coynitio
1483 850 1658 890 actualis
1678 849 1909 902 infallibilis
1927 863 2076 904 acqua-

135 906 225 948 liter
251 920 291 947 se
317 905 573 947 eoetenderit?
594 904 722 958 Resp.
747 903 826 945 Aff.
861 905 970 959 qaod
1002 906 1058 946 ad
1093 907 1345 947 ettam-satia
1376 908 1570 961 (loymata
1585 908 1680 963 fidei
1697 907 1729 949 a
1755 921 1932 948 morum.
1966 906 2076 962 Neg.

134 964 246 1020 quod
276 965 332 1006 ad
360 964 638 1019 particularia
670 963 875 1018 quaedam
904 964 986 1005 sive
1007 965 1115 1018 facta
1125 966 1346 1018 praeterita
1363 973 1433 1007 aut
1447 967 1694 1020 praesentia,
1714 974 1784 1007 aut
1800 967 1960 1020 settara,
1976 980 2076 1021 pro-

135 1023 284 1074 banda,
316 1031 391 1064 aut
425 1022 723 1079 improbantla;
754 1022 836 1063 sire
854 1035 930 1076 per
964 1023 1133 1064 modum
1161 1024 1347 1076 e4‘ccnipli,
1366 1032 1436 1065 aut
1458 1025 1698 1078 comparati,
1712 1033 1783 1066 aut
1796 1025 2016 1066 testimonii
2031 1039 2078 1067 ac

133 1082 227 1123 dicti
258 1082 448 1133 humani,
482 1082 537 1123 ad
570 1081 886 1123 illustrationem
910 1081 1210 1123 universalium
1232 1083 1358 1123 allata
1377 1082 1416 1125 a·
1433 1084 1652 1136 applicata,
1678 1091 1877 1138 tanquam
1892 1084 2077 1139 amplifi-

131 1141 321 1191 cationes,
353 1149 425 1183 aut
443 1149 645 1196 tanquam
671 1147 918 1195 aryumenta
945 1140 1000 1181 ad
1018 1140 1240 1181 hominem.
1275 1141 1541 1196 Hypotlietica
1559 1142 1598 1184 a·
1616 1143 1891 1196 particularia
1903 1142 2075 1184 consilia

132 1200 252 1253 lacta,
271 1200 391 1249 (licta,
405 1200 570 1254 scripta,
589 1199 671 1240 sive
685 1199 906 1254 praeterita
929 1199 1010 1240 sive
1023 1199 1258 1252 praesentia
1276 1213 1361 1240 non
1378 1200 1570 1242 omnibus
1587 1202 1734 1256 aequal
1739 1201 1809 1241 iter
1821 1208 1917 1241 nota
1934 1199 2076 1255 fuisse,

134 1257 356 1300 indubium
376 1265 456 1307 est;
475 1271 601 1313 neque
621 1258 732 1300 enim
753 1265 871 1299 erant
887 1258 1087 1299 omniscii.
1121 1258 1280 1299 Futura
1302 1259 1424 1300 etiam
1441 1260 1652 1300 actualiter
1668 1260 1828 1313 coynita
1844 1259 1973 1313 faisse
1996 1260 2073 1300 >uni

131 1317 321 1371 Apostolo
355 1316 406 1371 (e.
427 1331 466 1371 9.
491 1317 628 1359 Paulo
660 1317 709 1357 (le
729 1317 809 1359 sud
830 1323 959 1358 morte
977 1317 1016 1357 2.
1050 1315 1237 1357 Timoth.
1257 1316 1295 1358 4.
1333 1315 1373 1359 ἃ
1392 1319 1510 1359 Petro
1527 1318 1667 1359 desua
1687 1319 1724 1359 2.
1744 1317 1834 1358 Pet.
1856 1317 1912 1371 1.)
1931 1316 1971 1359 a·
1989 1331 2072 1359 non

129 1376 261 1425 alteri,
278 1375 366 1417 sine
382 1377 578 1430 scrupulo
596 1375 677 1416 diei
691 1383 831 1429 potest.
864 1375 943 1416 Sed
959 1375 1008 1416 cle
1023 1375 1193 1429 suturis,
1212 1389 1315 1430 quac
1335 1376 1571 1417 universam
1593 1377 1797 1418 ecclesiam
1819 1384 2069 1418 concernunt

131 1436 209 1489 (ew.
231 1448 295 1489 yr.
328 1434 508 1476 adventu
539 1434 779 1476 Antieltristi
811 1435 848 1474 2.
883 1433 1030 1475 Thess.
1064 1434 1103 1475 2.
1136 1434 1396 1476 conversione
1413 1435 1669 1476 ludaeorum
1691 1434 1813 1476 Rom.
1848 1435 1913 1475 11.
1936 1443 2070 1476 muta-

131 1494 237 1535 tione
266 1493 492 1535 viventium
527 1493 592 1534 die
614 1493 837 1534 novissimo
873 1492 910 1532 1.
950 1492 1138 1533 Corinth.
1170 1492 1237 1533 15.
1255 1493 1939 1548 adventupseudo·Prophetarum
1959 1493 1979 1533 1
1999 1492 2072 1534 Ti-

131 1551 263 1593 mo’nh.
298 1551 336 1592 4.
362 1551 402 1594 ἃ·
420 1552 459 1592 2.
481 1550 666 1593 Timoth.
681 1551 739 1605 3.)
759 1551 867 1593 idem
889 1551 963 1592 lioc
978 1551 1192 1608 affirmari
1208 1565 1290 1592 non
1313 1552 1435 1593 (lebet.
1470 1552 1588 1608 [pag.
1613 1552 1691 1608 44]

189 1609 285 1652 XV.
319 1609 386 1652 An
409 1618 546 1652 tamen
567 1611 839 1664 particularia
856 1611 940 1660 illa,
960 1610 1163 1665 siquidem
1186 1611 1232 1651 in
1251 1611 1397 1652 ordine
1417 1611 1472 1652 ad
1489 1611 1729 1666 tloqmatum
1746 1611 1841 1666 (idei
1861 1612 2073 1653 universa-

131 1670 234 1711 lium
251 1670 587 1724 propositionem,
605 1683 790 1720 eocamen,
810 1669 1058 1723 apologiam,
1073 1682 1297 1724 eorumque
1308 1670 1363 1710 ad
1375 1670 1541 1725 (picisris
1554 1670 1818 1711 conscientias
1833 1671 2072 1724 applicatio-

131 1742 224 1769 nem
244 1729 342 1770 usui
363 1736 504 1779 essent,
522 1727 571 1769 ab
590 1728 782 1770 omnibus
804 1728 1006 1782 Apostolis
1024 1728 1121 1769 (lata
1143 1729 1630 1783 quacunquenecessitate
1643 1728 1907 1779 &occasione⁷
1922 1742 2072 1784 aequa-

130 1787 160 1828 li
197 1787 488 1841 infallibilitate
521 1787 690 1842 intelliyi
725 1787 1028 1841 ac·diJ‘·u(licari
1059 1800 1143 1828 non
1172 1787 1401 1841 poterant?
1437 1786 1564 1840 Hesp.
1595 1787 1678 1828 Aff.
1703 1788 1781 1830 Nec
1812 1787 1936 1829 obstat
1971 1788 2073 1830 illud

129 1844 274 1887 Actor.
309 1846 376 1887 23.
410 1861 448 1887 v.
484 1845 523 1887 5.
556 1846 618 1887 uti
650 1853 807 1887 constat
837 1859 886 1887 ew
913 1846 1138 1887 commodis
1169 1845 1490 1900 expositionibus
1525 1846 1938 1902 interpretum.-quas
1956 1847 2072 1901 apud

129 1904 220 1947 illos
237 1904 340 1946 vide.

186 1961 303 2004 XVI.
336 1962 404 2005 An
434 1963 619 2017 Apostoli
649 1963 731 2004 sive
751 1976 854 2015 voce,
873 1963 955 2004 sive
970 1963 1133 2017 scripto,
1149 1963 1350 2017 privatim
1371 1970 1444 2005 aut
1462 1963 1633 2018 publice,
1653 1963 1697 2004 in
1713 1962 1986 2014 concionibus,
2007 1963 2067 2004 in·

128 2021 418 2073 stitutionibus,
446 2021 807 2075 (lisputationibus,
845 2021 1056 2076 apoloqiis,
1095 2022 1271 2072 citarint,
1305 2022 1600 2073 cxaminarint,
1638 2022 1886 2076 applicarint
1920 2022 2070 2064 erotica

132 2080 370 2131 Poetarum,
404 2080 771 2135 Philosophorum,
808 2081 1089 2124 Rabbinorum
1128 2079 1200 2122 ilco.
1240 2088 1338 2122 recte
1375 2081 1447 2122 lioc
1472 2081 1638 2134 fecerint
1664 2095 1712 2121 ea:
1743 2083 1826 2122 solo
1855 2081 2069 2122 ordinario

127 2139 262 2180 studio
294 2152 342 2180 ac
359 2139 518 2193 judicio
549 2139 759 2181 numano:
791 2153 849 2181 an
883 2153 971 2181 vcro
993 2154 1041 2180 ex
1060 2139 1297 2181 immediata
1323 2138 1363 2180 ‹f‘c
1383 2139 1594 2194 infallibili
1618 2140 1855 2182 revelatione
1874 2153 1920 2179 ac
1938 2139 2066 2180 (lirec-

126 2198 233 2239 tione
267 2197 450 2251 Spiritus
481 2198 652 2239 Sancti?
689 2197 815 2252 Resp.
850 2197 904 2239 N.
938 2213 1000 2252 pr.
1034 2198 1243 2251 Affiposb.
1279 2198 1553 2255 Sanctificacit
1582 2199 1693 2239 enim
1710 2200 1822 2240 Deus
1840 2198 1915 2238 liae
1928 2206 2067 2252 partes

127 2256 336 2298 humanae
365 2256 624 2307 eruditionis,
641 2257 834 2299 hactenus
853 2258 936 2298 scil.
963 2264 1004 2298 ut
1024 2257 1331 2311 intelliyentiam
1350 2271 1495 2298 earum
1518 2257 1631 2311 (data
1655 2257 1874 2306 occasione)
1892 2256 1940 2297 (le
1962 2269 2064 2298 noco

126 2314 279 2358 doceret
310 2315 511 2368 apostolos
524 2329 538 2363 ;
568 2322 640 2356 aut
676 2315 712 2356 si
742 2323 861 2357 antea
877 2316 1126 2365 didicissent,
1149 2315 1205 2356 ad
1221 2329 1367 2357 earitm
1388 2316 1590 2357 actualem
1612 2323 1845 2370 conceptum
1864 2328 1910 2355 ac
1933 2328 2064 2356 recor-

125 2374 333 2415 dationem
368 2387 433 2414 cos
464 2373 664 2424 excitaret,
702 2374 900 2416 verbatim
930 2388 977 2416 ac
1007 2374 1240 2430 syllabatim
1272 2387 1340 2415 eas
1373 2374 1592 2428 inspiraret
1615 2374 1857 2421 acilium-ec,
1887 2372 1927 2414 [is
1940 2387 2064 2427 prae-

125 2432 230 2474 senti
265 2432 423 2486 negyotio
460 2432 695 2486 applicaret,
728 2431 768 2474 ἑὲ
794 2433 1056 2487 scriptionem
1088 2446 1233 2474 earum
1252 2434 1296 2474 in
1313 2441 1444 2474 mente
1460 2432 1500 2475 a·
1519 2446 1657 2483 mana,
1677 2432 1710 2474 a
1728 2446 1804 2487 per
1828 2440 2000 2473 mentem
2016 2446 2064 2474 ac

130 2504 304 2533 mianum
320 2504 465 2532 eorum
481 2490 714 2532 absolveret.

183 2547 320 2590 XVII.
354 2550 419 2591 An
450 2549 663 2603 scriptores
701 2549 749 2592 Ν.
791 2550 834 2591 Τ.
857 2550 1003 2605 linqua
1028 2550 1112 2592 alia
1129 2550 1317 2605 (Syriaca
1334 2551 1434 2601 scil.)
1458 2550 1727 2604 conceperint,
1746 2563 1874 2605 quam
1890 2549 2060 2603 scripse—

124 2608 229 2657 rint3
267 2606 307 2649 ἃ·
327 2608 472 2663 linqua
502 2608 587 2650 alia
619 2609 781 2662 (qraeca
807 2609 890 2650 scil.
909 2616 980 2651 aut
997 2609 1261 2663 hellenistica)
1281 2609 1536 2663 scripserint3
1556 2622 1684 2664 quam
1700 2608 1983 2662 conceperint?
2023 2606 2063 2649 ἃ

121 2674 408 2722 consequenter
438 2680 496 2708 an
519 2667 701 2721 gyenuino
735 2667 947 2721 interpreti
980 2668 1253 2721 respiciendae
1283 2668 1365 2709 sint
1399 2667 1635 2718 allusiones,
1667 2681 1748 2709 non
1768 2681 1872 2723 quae
1891 2668 1933 2708 in
1951 2674 2059 2708 teoetu

119 2738 262 2780 qraeeo
291 2733 464 2776 exstant,
497 2725 567 2767 sed
587 2739 692 2781 quas
722 2726 865 2767 animo
901 2734 1162 2780 conceperant
1185 2727 1414 2781 scriptores,
1436 2726 1628 2782 Syriacae
1651 2727 1736 2768 scil.
1760 2734 1832 2768 aia
1851 2725 2055 2780 tarquini-

121 2785 214 2826 cae?
246 2782 297 2825 R.
325 2783 381 2827 N.
415 2785 541 2829 Nemo
567 2784 679 2826 enim
703 2787 805 2826 reete
839 2783 879 2826 ἃ
909 2785 1166 2827 rationaliter
1192 2786 1292 2842 quid
1305 2785 1466 2840 profert
1482 2786 1564 2827 sive
1579 2785 1673 2827 viva
1688 2798 1778 2827 voce
1794 2786 1876 2826 sive
1893 2784 2054 2838 scripto,

1981 2856 2063 2883 nisi
