2399 3084
305 149 387 191 178
448 148 592 190 DIsP.
625 145 742 188 VII.
776 146 1222 188 PROBLEMATUM
1254 159 1318 186 DE
1350 143 1584 186 Msalro
1617 144 1866 187 Cnnrsrl
1897 146 2047 187 PARS
2077 145 2112 188 I.

300 270 551 312 reformatae
585 283 632 310 ac
662 267 995 309 Protestanticae
1026 267 1303 308 communiter
1320 267 1583 321 profitentur.
1617 266 1726 309 Vide
1750 268 1936 325 Praefat,
1979 269 2106 310 Vossii
2122 269 2178 310 ad
2195 269 2246 310 li-

300 330 425 371 bram
459 328 591 371 Grotiz'
622 328 670 369 cle
702 327 979 381 satisfactione
991 341 1006 375 ;
1033 327 1062 368 81
1079 325 1469 379 symbolizationem
1485 325 1875 368 Remonstrantium
1897 342 1991 368 cum
2013 326 2246 368 Socinianis

299 387 369 429 hic
401 390 611 428 ostensam
643 386 686 426 in
718 393 861 427 nostra
879 385 1189 426 catechizatione
1207 384 1448 426 Calcchismi
1473 385 1818 427 Remonscranciei
1834 386 1890 427 ad
1911 393 2066 441 quaest.
2085 386 2154 427 33.
2174 387 2242 426 34.

300 447 368 487 36.
402 447 431 488 81
459 444 586 486 aDD.
602 444 837 499 Professor.
856 443 1122 485 Lee'clense'bas
1135 443 1179 483 in
1199 444 1385 485 Censura
1397 444 1566 497 confess.
1587 445 1964 486 Remonseramicae
1980 458 2068 498 cap.
2088 445 2128 486 8.
2146 445 2175 487 &
2192 445 2245 485 ab

298 505 436 546 Isaaco
467 504 593 546 szio
623 503 668 544 in
685 502 946 558 (encapoloyici
966 502 1058 543 ibid.
1078 503 1107 543 81
1123 502 1283 543 Amesio
1301 502 1346 543 in
1364 502 1610 556 refutatione
1625 502 1821 556 Scriptor.
1839 503 2244 559 Anti-synodalium.

297 562 360 604 De
393 561 725 616 acceptilatione,
759 562 891 614 deque
916 560 1102 615 gratioso
1125 563 1248 614 pacto
1266 574 1360 601 cum
1383 559 1615 601 Mediatore
1637 561 1756 612 inito,
1774 562 1978 602 nonnulla
2000 561 2070 602 hic
2085 561 2245 602 moveri

297 623 488 675 possent:
509 621 581 662 sed
601 622 649 661 ut
664 619 909 674 compendio
927 621 1108 668 utamur,
1132 618 1167 659 si
1184 617 1530 660 Remonstrantes
1549 621 1572 659 a
1590 619 1896 673 suspicionibus
1920 620 2113 661 omnibus
2135 620 2246 674 apud

296 680 540 721 universum
571 678 941 720 Christianismum
971 692 1015 719 se
1043 677 1221 718 liberare
1239 692 1491 731 causamque
1510 679 1539 720 &
1561 680 1717 719 sectam
1735 693 1855 719 suam
1871 680 1894 719 a
1913 679 2111 719 damnato
2128 677 2246 720 Soci-

296 738 432 779 nismo
467 737 726 792 distinguere
748 736 894 787 velint,
928 736 1204 777 condemnent
1236 736 1470 790 categorice
1499 738 1528 778 &
1546 736 1703 790 absque
1722 737 1973 792 ambagibus
1991 737 2245 779 sententiam

296 796 627 847 Socinianorum,
661 809 878 850 quousque
911 809 959 836 ea
992 796 1016 835 a
1032 793 1303 846 Reformatis,
1321 794 1586 841 Lutheranis,
1605 794 1836 836 Pontificiis
1854 795 2130 837 communiter
2147 810 2243 837 con-

297 856 531 897 demnatur.
563 855 719 896 Dicant
740 854 925 907 insuper,
944 853 1045 907 quid
1062 853 1111 894 de
1129 852 1416 895 satisfactione
1434 852 1592 894 Christi
1610 856 1799 894 asserant
1818 856 1891 895 aut
1909 868 2093 895 asserere
2112 854 2244 895 velint

295 929 421 968 supra
439 916 597 955 asserta
615 915 639 954 a
654 911 953 954 recentissimis
971 911 1204 953 Socinianis
1221 911 1461 966 Slichte'nqio
1478 912 1533 953 ad
1550 911 1673 954 Hebr.
1699 912 1736 953 1.
1753 926 1857 954 vers.
1877 913 1917 955 3.
1935 912 1975 955 a·
1999 913 2039 954 4.
2064 912 2242 955 Smalcio

295 980 438 1015 contra
454 972 699 1014 Franlziam
717 985 817 1026 pay.
837 971 932 1011 154.
952 970 1053 1024 quin
1072 971 1101 1012 81
1117 970 1208 1024 ipso
1226 970 1372 1013 Socino
1390 971 1436 1012 in
1452 984 1556 1024 resp.
1575 971 1631 1012 ad
1658 970 1860 1013 Volanam
1877 971 2008 1025 Epist.
2024 971 2243 1013 dedicator.

296 1032 354 1073 sic
387 1034 433 1072 ut
465 1046 560 1072 vere
594 1030 673 1072 dici
705 1029 851 1084 possit,
875 1043 943 1070 eos
962 1029 1005 1069 in
1023 1043 1188 1070 summa
1209 1029 1271 1070 rei
1291 1033 1364 1070 aut
1381 1029 1425 1070 in
1441 1029 1552 1070 thesi
1570 1029 1793 1083 principali
1809 1044 1893 1070 11011
1909 1030 2130 1071 convenire
2149 1044 2244 1071 011111

296 1089 528 1132 Socinianis
557 1089 608 1130 ad
634 1089 745 1130 hunc
767 1088 936 1129 modum
954 1103 996 1129 se
1020 1087 1340 1141 explicantibus.
1373 1087 1502 1129 Porro
1520 1087 1639 1129 novis
1657 1090 1731 1129 aut
1748 1087 1841 1129 aliis
1861 1088 2123 1143 argumentis
2140 1088 2244 1129 haec

296 1149 454 1203 crypsis
471 1163 554 1189 non
572 1147 811 1202 premenda,
832 1147 903 1188 sed
921 1147 1179 1187 solummodo
1197 1147 1342 1188 classis
1360 1147 1508 1200 quinta
1520 1149 1664 1187 contra
1676 1145 1920 1187 Socinianos
1933 1147 1971 1188 ei
1984 1147 2243 1201 opponenda.

295 1207 382 1249 Ubi
394 1208 443 1248 de
462 1206 760 1248 substitutione
774 1205 931 1246 Christi
937 1205 1090 1258 ,deque
1112 1206 1388 1247 translatione
1405 1207 1572 1246 nostrae
1592 1205 1766 1259 culpae
1755 1220 1799 1245 m
1818 1205 1957 1259 ipsum
1975 1206 2244 1259 ejusdemque

294 1265 586 1320 imputatione,
601 1265 630 1306 81
642 1264 826 1306 vicissim
840 1264 888 1304 de
905 1238 1184 1317 imputatione
1197 1263 1415 1317 justitiae
1405 1264 1552 1318 lpsius,
1569 1263 1785 1317 nostrique
1802 1266 1974 1317 propter
1990 1278 2084 1305 eam
2101 1279 2148 1305 ac
2164 1279 2241 1318 per

296 1340 385 1366 ean]
401 1323 700 1378 justificatione
719 1324 749 1365 81
765 1322 934 1376 quidem
952 1322 1081 1377 legali
1100 1322 1229 1377 (quod
1246 1323 1325 1364 ad
1315 1337 1455 1377 ipsum
1472 1322 1562 1363 scil.
1580 1321 1864 1376 Sponsorem),
1882 1322 1912 1364 &
1930 1325 2124 1363 accurata
2137 1322 2242 1377 legis

295 1383 539 1438 impletione
572 1383 601 1425 81
633 1381 920 1423 stabilimento
939 1382 1075 1436 (Rom.
1096 1382 1135 1422 8.
1154 1383 1193 1422 3.
1212 1381 1252 1422 4.
1270 1396 1364 1423 cum
1382 1382 1499 1424 Rom.
1520 1382 1559 1422 3.
1579 1381 1646 1422 29.
1650 1380 1666 1434 )
1683 1381 1744 1421 ita
1762 1383 1809 1422 ut
1826 1380 1961 1422 nihil
1950 1381 2084 1435 ipsius
2100 1383 2242 1435 postu-

296 1442 381 1484 lato
399 1441 503 1483 aut
487 1441 574 1495 Juri
591 1440 774 1482 decedat.

353 1499 400 1545 4.
439 1500 574 1542 Tertia
592 1498 845 1542 controvers.
865 1498 1058 1552 capitalis
1077 1500 1140 1539 est
1160 1497 1272 1539 inter
1289 1498 1563 1547 Christianos,
1578 1498 1607 1540 81
1626 1500 1694 1540 Fr.
1715 1498 1917 1540 Paccium
1935 1512 1983 1539 ac
2005 1498 2243 1541 Samuelem

296 1559 531 1603 Habcram.
566 1558 691 1600 Prior
720 1557 889 1598 natione
915 1557 1050 1598 Italus
1066 1556 1288 1608 Filidinus,
1306 1557 1440 1598 instar
1457 1557 1651 1598 cothurni
1669 1557 1855 1598 omnium
1877 1559 1951 1598 aut
1967 1556 2125 1598 nullius
2145 1557 2243 1598 reli-

296 1618 447 1673 gionis,
479 1617 638 1658 nullius
658 1616 905 1657 eruditionis
924 1615 1150 1666 literariae,
1173 1615 1503 1670 philosophicae,
1522 1615 1832 1669 scripturariae,
1852 1615 2023 1656 molitus
2042 1618 2105 1656 est
2123 1615 2246 1656 libel-

295 1678 383 1718 lum
401 1675 571 1718 Goudae
586 1676 630 1716 in
646 1674 873 1716 Hollandia
891 1689 1000 1716 anno
1021 1674 1145 1715 1592.
1165 1674 1324 1715 editum
1342 1674 1459 1729 [pag.
1475 1674 1581 1729 235]
1596 1675 1625 1716 81
1638 1674 1845 1715 Clementi
1860 1673 1978 1715 VIII.
1992 1673 2244 1725 dedicatum,

296 1750 377 1789 quo
396 1735 546 1776 asserit
561 1733 842 1775 universalem
858 1733 1182 1784 restitutionem,
1202 1733 1231 1774 81
1247 1733 1372 1774 fidem
1389 1733 1626 1774 naturalem
1643 1732 1686 1773 in
1703 1732 1854 1783 Deum,
1872 1747 1947 1786 per
1960 1747 2087 1786 quam
2099 1747 2244 1774 omnes

296 1793 450 1836 salvari
482 1793 655 1847 possint.
674 1791 707 1832 F
712 1792 875 1833 anatico
901 1791 965 1832 illi
989 1791 1269 1846 errori(jactat
1287 1791 1395 1832 enim
1416 1791 1694 1833 revelationes
1710 1799 1789 1833 rac.
1810 1792 1905 1832 120.
1922 1805 2020 1846 paq.
2040 1791 2128 1845 94.)
2147 1806 2245 1832 mox

295 1852 464 1907 publica
481 1851 636 1905 scripta
654 1853 952 1904 opposuerunt,
976 1865 1025 1891 ex
1043 1849 1301 1891 Reformatis
1319 1851 1376 1892 Fr
1378 1850 1565 1892 [1110130113
1583 1851 1750 1901 Jam‘as
1769 1865 1820 1891 ex
1836 1848 2090 1890 Lutheranis
2112 1851 2244 1892 Lucas

298 1911 512 1959 Osiamler,
532 1925 582 1951 ex
598 1909 830 1950 Pontificiis
849 1910 1042 1952 Nicolaus
1059 1909 1224 1951 Serrar
1212 1923 1290 1950 aas.
1323 1908 1386 1950 De
1417 1908 1600 1950 hominis
1616 1909 1738 1950 istius
1756 1908 1983 1950 universali
2013 1906 2242 1960 ἀπαιδευσίᾳ

296 1985 346 2011 ex
359 1969 536 2023 scriptis,
551 1968 627 2009 de
616 1968 786 2022 ingenio
805 1969 834 2010 81
850 1968 1036 2009 moribus
1054 1983 1104 2009 ex
1121 1968 1303 2022 epistolis
1321 1967 1458 2010 Socini
1469 1967 1657 2021 judicare
1674 1967 1831 2021 poteris
1853 1967 1986 2021 Epist.
2004 1967 2052 2008 3.
2062 1981 2166 2023 quae
2185 1975 2242 2009 est

295 2028 351 2070 ad
380 2027 524 2069 Malth.
557 2026 765 2069 Radecam
793 2024 946 2068 Secret.
981 2025 1214 2068 Gedanens,
1237 2026 1413 2067 Puccius
1427 2027 1549 2080 prior
1565 2025 1764 2067 80011111111
1785 2026 1888 2067 satis
1906 2026 2128 2067 sarcastice
2145 2040 2242 2080 per-

297 2087 523 2127 strinxerat
555 2085 598 2126 in
631 2085 852 2127 collatione
885 2085 934 2126 de
966 2084 1242 2136 Mortalitate,
1266 2099 1372 2138 quae
1390 2087 1535 2138 postea
1556 2084 1668 2138 typis
1686 2084 1798 2125 edita
1813 2083 1897 2125 fuit
1913 2083 1957 2124 in
1979 2084 2019 2125 4.
2039 2085 2246 2127 Posterior

295 2145 464 2186 natione
498 2143 732 2194 Helvetius,
765 2143 889 2185 motis
922 2143 965 2184 in
981 2143 1127 2184 Patria
1145 2143 1439 2184 controversiis
1457 2144 1505 2184 de
1523 2142 1907 2196 praedestinatione
1927 2142 1957 2183 81
1974 2143 2115 2197 gratia
2134 2158 2242 2184 anno

299 2203 423 2245 1587.
456 2203 551 2243 inde
584 2202 792 2253 dimissus,
826 2204 850 2242 a
880 2201 1133 2243 Lutheranis
1172 2201 1444 2256 Witebergae
1477 2204 1669 2255 receptus
1687 2204 1764 2243 est.
1797 2200 1879 2242 Sed
1895 2200 2072 2242 simulac
2088 2201 2132 2242 in
2149 2202 2243 2243 sinu

297 2276 440 2303 eorum
467 2260 694 2302 calefactus
713 2263 835 2311 esset,
855 2263 1137 2302 commentum
1155 2275 1278 2301 suum
1295 2260 1344 2301 de
1362 2260 1589 2301 universali
1606 2260 1772 2314 generis
1790 2259 1967 2300 humani
1983 2260 2240 2301 redemtione

299 2321 524 2374 procudere
556 2321 585 2362 &
618 2319 676 2360 010
707 2320 1082 2362 ιῖ0οἱ1111ι11110111111η
1113 2319 1261 2361 scisma
1293 2319 1403 2359 inter
1434 2318 1696 2360 Lutheranos
1729 2320 1842 2374 (utor
1867 2318 2048 2359 termino
2063 2319 2242 2360 johann.

300 2379 497 2420 Micraclii
513 2377 744 2419 Lutherani
760 2377 803 2418 in
823 2377 1039 2433 Syntaym.
1059 2378 1215 2421 Hister.
1233 2377 1441 2428 Ecclesiae,
1460 2377 1531 2430 qui
1549 2379 1573 2418 a
1585 2391 1628 2431 p.
1650 2378 1775 2418 1037.
1793 2390 1924 2432 usque
1939 2377 2063 2418 1043.
2078 2377 2243 2418 octode-

299 2437 380 2477 cim
412 2437 608 2477 scismata
643 2437 891 2489 enumerat,)
929 2436 1069 2476 moliri
1091 2436 1213 2490 cepit.
1249 2435 1408 2476 Verum
1429 2435 1473 2476 in
1494 2435 1626 2476 herba
1648 2450 1816 2489 pressus
1835 2438 1898 2476 est
1914 2436 1943 2477 81
1960 2435 2056 2476 111ᾶο
2074 2435 2242 2488 ejectus.

298 2494 477 2536 Causam
508 2495 595 2548 ejus
627 2494 852 2544 examinat,
877 2495 906 2536 81
924 2509 1007 2535 una
1028 2494 1249 2535 historiam
1270 2494 1397 2547 hujus
1417 2493 1695 2535 contentionis
1713 2493 1856 2535 refert.
1874 2493 2013 2547 Aeyid.
2033 2493 2239 2536 Hannius

300 2551 343 2592 in
377 2560 487 2593 tract.
507 2553 555 2593 dc
572 2552 841 2595 Providentia
857 2553 935 2594 Dei
955 2552 995 2594 ἃ
1013 2552 1391 2594 Praedesliaacione
1408 2560 1550 2594 contra
1579 2554 1814 2595 Tossanam
1835 2550 1875 2593 a
1896 2551 2114 2594 Huberum
2131 2567 2239 2594 anno

303 2609 427 2650 1603.
460 2610 582 2650 edito.
617 2610 681 2651 Ex
717 2609 974 2652 Reformatis
1011 2612 1188 2652 eundem
1221 2612 1380 2652 refutat
1413 2611 1590 2653 Jacobas
1623 2611 1921 2654 Kimcdoncius
1952 2609 2101 2664 Belga,
2140 2612 2239 2652 tunc

301 2665 670 2731 Heidelbergensis
702 2667 899 2710 Academ.
931 2669 1162 2719 Professor,
1195 2669 1238 2709 in
1272 2669 1375 2710 libro
1407 2670 1456 2710 cle
1487 2669 1749 2712 Rcclemlione
1778 2668 1851 2711 ἅὉ.
1874 2667 2127 2721 Nuperrime
2145 2672 2240 2722 post

302 2724 481 2778 primam
497 2724 619 2778 hujus
638 2725 853 2779 Disputat.
871 2727 1098 2768 editionem
1114 2727 1223 2769 idem
1236 2727 1448 2781 praestitit
1459 2728 1822 2770 1011α11η.ονοσι·113
1833 2733 1976 2768 contra
2001 2727 2239 2792 Weiqeliam

300 2790 409 2836 part.
445 2783 482 2822 1.
512 2796 606 2836 pay.
645 2784 742 2824 464.
783 2783 855 2826 Bcc.
890 2784 1053 2826 Classes
1081 2788 1427 2841 argumentorum
1454 2801 1537 2828 non
1567 2789 1630 2828 est
1651 2786 1762 2840 quod
1782 2784 1979 2827 studiosis
1997 2785 2153 2826 nostris
2171 2785 2240 2827 hic

303 2839 632 2894 praeformemus
650 2844 722 2881 aut
739 2842 887 2883 saltem
906 2842 1149 2895 indicemus3
1163 2858 1258 2885 cum
1270 2843 1455 2885 refutato
1467 2844 1857 2886 Remonstrantium
1870 2843 2048 2886 secundo
2063 2843 2241 2885 articulo

2191 2902 2245 2944 de
