2399 3084
292 96 683 143 D1sp.V1.DE
716 99 1183 142 PROPAGATIONF.
1217 99 1887 144 PaccAT1OR1G1NAL1s.
1973 103 2054 144 163

112 224 195 265 lide
214 223 410 265 satisfieri
432 223 564 277 possit
587 238 693 276 quae
715 223 817 264 haec
837 225 922 264 est:
941 221 987 264 Si
1005 226 1222 277 peccatum
1249 239 1299 265 ex
1317 224 1563 278 parentibus
1582 225 1624 265 in
1643 228 1830 279 posteros
1848 241 2055 282 propaga·

113 285 195 331 tur,
215 285 287 323 aut
307 297 380 336 per
399 281 582 322 animam
600 284 872 336 propagatur,
893 284 965 322 aut
983 297 1229 336 percorpus.
1250 282 1346 323 Non
1359 297 1433 336 per
1446 283 1651 325 animam:
1677 285 1775 338 quia
1792 288 1883 326 tum
1899 301 1949 326 ex
1966 301 2056 327 cor-

112 344 239 395 rupta
271 341 411 382 anima
443 343 680 394 parentum,
715 343 787 381 aut
820 355 869 381 ex
892 341 1050 381 semine
1072 344 1267 395 corrupto
1285 356 1359 395 per
1381 342 1594 383 traducem
1615 358 1706 384 eam
1728 344 1954 399 propagari
1976 360 2055 386 ne-

113 415 225 441 cesse
259 402 386 449 esset;
422 402 494 440 aut
524 399 664 440 anima
697 401 865 453 peccato
895 399 1050 440 infecta
1073 401 1097 439 ῑι
1119 399 1208 440 Deo
1231 402 1456 451 crearetur,
1480 402 1509 442 81
1527 402 1687 455 corpori
1711 402 1918 444 uniretur:
1939 403 2057 457 atqui

114 461 338 512 utrumque
377 458 616 499 absurdum.
651 457 747 498 Non
784 472 857 511 per
889 471 1057 511 corpus:
1082 458 1180 511 quia
1202 461 1292 499 tum
1310 473 1459 512 corpus
1478 462 1550 500 ant
1568 475 1708 501 semen
1732 462 1891 514 peccati
1909 463 2056 516 subje-

113 519 226 558 ctum
259 519 369 558 esset
401 518 430 559 81
461 531 612 570 corpus
649 516 852 557 infectum
869 516 1059 557 inficeret
1081 516 1279 567 animani,
1301 519 1423 558 antea
1442 532 1591 571 puram
1614 519 1789 561 simulac
1811 520 1848 561 ei
1866 521 2056 562 uniretur

114 574 229 624 Quae
262 575 403 616 omnia
439 578 536 616 sunt
569 575 748 615 absurda
780 576 809 617 81
831 574 1157 628 inexplicabilia.
1190 575 1247 616 Et
1264 575 1345 616 fnit
1361 576 1439 617 hoc
1457 576 1558 617 olim
1573 578 1845 632 praecipuum
1864 579 2010 634 Pelagi
2028 580 2056 621 &

114 637 367 675 sectatorum
386 636 695 689 argumentum,
715 635 761 674 ut
779 633 904 674 etiam
923 633 1080 687 Pighii,
1100 635 1128 675 81
1146 633 1443 675 hodiernorum
1461 634 1799 690 pelagianorum.
1834 638 1884 679 Et
1902 653 2055 690 revera,

111 693 249 746 inquit
282 692 489 734 Zanchius
523 693 598 733 loc.
633 694 700 732 cit.
731 692 783 732 ad
815 692 854 732 9.
887 706 977 746 arg.
1005 705 1090 733 non
1107 700 1164 734 cst
1182 693 1230 734 dc
1247 693 1390 735 nihilo.
1426 692 1469 734 Si
1488 694 1580 747 quis
1598 695 1721 749 plura
1743 696 1772 737 81
1792 697 1964 738 meliora
1983 700 2056 738 aut

113 751 250 806 magis
270 752 463 805 expedita
481 751 532 791 ad
550 751 609 792 rei
625 751 750 804 hujus
768 750 1094 792 illustrationem
1114 751 1232 792 nobis
1251 751 1427 803 adferat,
1446 753 1591 806 utique
1609 754 1768 808 gratias
1787 755 1850 795 illi
1868 770 2055 810 agemus.

115 809 182 851 Ne
214 812 368 860 tamen,
404 812 450 850 ut
482 809 773 850 cavillatorum
805 809 928 849 hodie
960 824 1139 864 magnus
1171 813 1411 863 proventus,
1431 811 1663 865 suspicione
1681 827 1919 867 gravemur,
1938 814 2058 868 quasi

114 883 244 909 novas
279 870 307 910 81
340 883 467 909 vanas
500 867 762 909 curiositates
795 867 924 908 immo
958 869 986 909 81
1017 868 1307 910 heterodoxias
1326 870 1476 910 sectari
1493 871 1761 923 voluerimus,
1785 872 2059 927 circumspexi

114 942 228 968 more
262 942 354 967 meo
387 929 483 980 post
515 926 695 980 primam
726 926 851 980 hujus
884 926 989 980 disp.
1023 927 1262 978 editionem,
1296 942 1499 981 quosnam
1531 929 1750 984 theologos
1779 931 1858 972 hac
1880 932 1922 972 in
1939 934 2058 985 parte

115 986 414 1040 suffragatores
447 985 617 1026 laudare
634 1000 813 1039 possem,
833 987 879 1025 ut
892 985 972 1026 hac
988 986 1097 1026 nube
1120 986 1291 1027 testium
1310 987 1532 1027 secundam
1552 988 1776 1030 editionem
1799 1005 2058 1031 exornarem.

117 1044 174 1084 Et
197 1059 288 1084 ecce
305 1044 549 1084 obtulerunt
572 1059 628 1094 se,
651 1043 830 1085 Ursinus
849 1043 891 1084 in
914 1046 1033 1084 tract.
1059 1044 1284 1098 theologie.
1303 1060 1344 1098 p.
1364 1045 1544 1088 204.Sect
1560 1047 1722 1088 etiamsi
1737 1048 1916 1090 obtinere
1934 1057 2058 1091 totam

118 1103 322 1144 Minorem
351 1110 531 1157 possent,
562 1110 699 1144 tamen
731 1103 815 1143 alia
848 1110 903 1144 cst
936 1104 1147 1156 responsio
1164 1104 1218 1144 ad
1237 1104 1433 1157 Majoreni
1457 1106 1681 1161 sufficiens,
1701 1114 1744 1148 nt
1761 1121 1891 1162 neque
1907 1108 1955 1149 de
1976 1116 2060 1149 tra-

116 1161 228 1212 duce,
256 1175 383 1216 neque
400 1162 448 1202 de
464 1162 583 1203 inodo
603 1161 919 1216 propafflztionis
937 1162 1088 1216 peccati
1104 1162 1320 1216 oriyivnalis
1338 1164 1462 1204 anoeie
1479 1164 1693 1218 disputare
1709 1166 1759 1206 sit
1775 1180 1941 1208 neccsse.
1974 1167 2062 1208 Etsi

115 1220 227 1260 enim
254 1221 419 1262 animas
437 1221 700 1274 sinqulorum
720 1220 938 1262 hominum
959 1235 1052 1261 cum
1076 1221 1206 1262 rivere
1228 1221 1446 1275 incipiunt,
1465 1223 1490 1263 (ἰ
1507 1224 1592 1264 Deo
1614 1225 1747 1265 creari
1763 1226 2056 1267 concedamus:

119 1286 256 1319 tamen
283 1287 440 1320 nonest
458 1280 716 1334 sinyendum,
735 1293 818 1320 esse
834 1280 1086 1334 aliquandiu
1109 1280 1286 1330 animas,
1307 1288 1529 1335 antequam
1547 1282 1786 1336 corporibus
1806 1284 2058 1339 inferantur.

115 1337 252 1378 Simul
268 1338 379 1379 enim
401 1336 440 1379 a·
466 1346 674 1389 creantur,
698 1337 738 1379 a·
754 1338 968 1380 uniuntur
989 1339 1152 1392 corpori
1163 1354 1178 1387 ;
1194 1339 1296 1380 sicut
1319 1339 1480 1390 dicitur,
1500 1339 1724 1394 Inspiravit
1742 1341 1783 1382 in
1801 1341 1952 1383 faciem
1972 1343 2060 1396 ejus

119 1395 314 1449 spiritum
354 1396 477 1437 vitae.
511 1396 623 1439 Sicut
664 1404 736 1438 aut
769 1410 991 1450 corporum
1029 1398 1150 1438 etiam
1183 1397 1428 1448 substantia,
1448 1400 1637 1453 qitsamvis
1654 1413 1703 1441 ex
1718 1409 1941 1454 parentum
1962 1401 2060 1443 suh-

118 1455 271 1496 stantia
288 1455 474 1505 sumiter,
496 1463 631 1496 tamen
648 1456 673 1496 ὰ
691 1457 776 1497 Deo
793 1457 936 1506 creari,
955 1456 1027 1497 1100
1043 1464 1112 1505 est,
1130 1457 1419 1510 lormarirecte
1436 1458 1599 1509 (licitur,
1623 1457 1662 1499 a·
1678 1459 1888 1501 hominem
1904 1461 2062 1514 pariter

116 1514 142 1553 a
176 1513 445 1555 Diabolora'm
476 1515 734 1568 peccantium
767 1514 1020 1556 substantiae
1051 1516 1076 1555 a
1108 1516 1192 1557 Deo
1214 1524 1522 1567 conservantur,
1545 1531 1674 1572 neque
1693 1525 1830 1560 tamen
1845 1528 2062 1574 propterea

117 1571 230 1613 Deus
247 1573 398 1626 peccati
414 1581 486 1614 aut
506 1573 684 1614 malitiae
701 1574 886 1627 ipsorum
909 1582 1032 1615 autor
1051 1575 1108 1615 vel
1125 1582 1384 1616 conservator
1400 1576 1555 1616 coeistit:
1580 1577 1633 1617 ita
1654 1575 1694 1618 ἃ·
1710 1577 1953 1619 strumarum
1971 1578 2062 1620 sub-

117 1631 320 1672 stantium
342 1630 381 1672 ἃ
397 1633 610 1673 naturales
628 1633 853 1685 facultates,
872 1633 985 1674 Deus
1003 1633 1130 1674 simul
1151 1632 1191 1673 a·
1207 1641 1326 1684 creat,
1350 1632 1390 1674 ἃ·
1405 1635 1543 1688 privat
1560 1635 1679 1676 (lonis
1699 1636 1799 1686 suis,
1818 1651 1922 1691 quae
1940 1637 2046 1692 [pag

123 1689 256 1743 1107]
275 1690 433 1731 Adane-o
452 1703 498 1732 ca
515 1691 746 1733 conditione
764 1691 941 1741 dederat,
965 1699 1006 1732 ut
1025 1692 1147 1732 etiam
1170 1693 1343 1745 posteris
1361 1693 1492 1746 ipsius
1511 1694 1637 1744 daret,
1657 1695 1692 1735 si
1711 1694 1795 1748 ipse
1817 1696 1887 1737 illa
1910 1696 2059 1737 retine-

117 1755 190 1796 ret,
208 1761 295 1788 non
311 1756 447 1790 autem
467 1749 595 1799 daret,
614 1750 649 1790 si
670 1750 753 1802 ipse
769 1763 846 1791 sua
863 1750 1163 1803 inyratitudine
1180 1751 1251 1792 illa
1268 1750 1476 1804 abjiceret:
1494 1753 1638 1793 anima
1651 1766 1742 1794 vcro
1755 1754 1907 1807 spiritu
1925 1753 1964 1795 {t
1977 1755 2061 1796 luce

117 1806 260 1847 (livina
294 1807 496 1858 destituta,
529 1808 600 1848 etsi
629 1808 683 1849 ad
706 1808 972 1862 appetitiones
993 1807 1033 1849 ἃ·
1054 1809 1307 1862 operationes
1325 1810 1524 1851 inclinata
1547 1819 1616 1861 cst,
1641 1819 1777 1852 tamen
1799 1825 1909 1853 coeca
1926 1821 1996 1862 est,
2020 1811 2060 1854 ὃς

117 1878 204 1905 non
234 1865 290 1906 ad
323 1867 419 1907 tales
451 1866 715 1920 appetitiones
750 1866 790 1907 a·
822 1867 1009 1917 actiones,
1042 1868 1181 1921 qucdes
1214 1869 1278 1908 lea:
1310 1867 1388 1908 Dei
1411 1869 1581 1923 requirit
1601 1869 1822 1911 inclinata:
1843 1871 1969 1926 Atque
1985 1871 2061 1912 lzac

118 1924 276 1964 ratione
293 1924 580 1966 inclinationes
602 1925 844 1967 rectitudine
865 1939 941 1966 sua
964 1926 1169 1979 spoliatae,
1190 1940 1267 1968 sua
1284 1934 1425 1979 sponte
1446 1927 1622 1968 existunt
1643 1930 1784 1978 inulae,
1807 1927 1847 1969 a*
1865 1942 1959 1971 cum
1978 1930 2059 1984 tegle

120 1981 262 2023 divina
294 1991 497 2037 p'uynant.
533 1985 723 2038 Defectus
754 1991 892 2025 autem
924 1984 984 2025 iili
1015 1984 1058 2024 in
1084 1992 1213 2025 mente
1235 1983 1275 2025 ἕλ’
1295 1986 1507 2036 voluntate,
1530 1984 1570 2026 a
1586 1986 1703 2027 corde
1723 1987 1961 2040 primorum
1980 2002 2057 2039 pa·

118 2047 297 2091 rentum,
329 2049 532 2096 quatenus
565 2043 590 2083 a
622 2043 707 2083 Deo
743 2043 997 2098 insligyuntur
1027 2043 1129 2096 ‘ipsis
1151 2042 1190 2084 a·
1210 2043 1397 2097 ipsorum
1413 2045 1586 2097 posteris
1594 2045 1734 2098 justae
1756 2054 1854 2087 sunt
1868 2047 2060 2100 pcccalia

116 2099 358 2152 parentibus
388 2099 427 2142 a·
441 2101 466 2141 (ὶ
484 2101 615 2142 sobole
638 2102 681 2142 in
696 2101 938 2155 parentibus
960 2101 1147 2151 admissi,
1166 2116 1338 2155 poenae:
1358 2103 1641 2144 inclinationes
1659 2111 1796 2145 autem
1819 2105 1883 2146 liis
1900 2105 2058 2159 desecti-

119 2156 194 2198 bus
226 2158 401 2209 vitiatae,
440 2158 479 2200 {t
517 2160 596 2214 ipsi
617 2160 807 2214 defectus,
831 2160 930 2215 quia
947 2160 1107 2213 faciunt
1128 2168 1169 2201 ut
1187 2161 1307 2204 nomo
1326 2161 1490 2202 divinae
1509 2162 1585 2215 leqi
1601 2175 1731 2217 neque
1747 2163 1799 2203 sit
1817 2164 2056 2217 conformis,

120 2229 249 2270 neque
283 2217 409 2270 possit
431 2231 526 2268 esse,
549 2226 751 2274 quatenus
774 2219 823 2259 ab
843 2219 1092 2269 hominibus,
1120 2217 1160 2260 a
1181 2219 1259 2260 sibi
1279 2218 1318 2260 a·
1335 2219 1472 2270 soboli,
1490 2221 1693 2273 peccando
1710 2221 1997 2272 attrahuntur,
2021 2221 2061 2263 ἃ

119 2274 169 2315 ab
188 2275 300 2328 ipsis,
321 2274 361 2316 ἃ·
376 2276 401 2315 ὰ
418 2275 549 2317 sobole
564 2276 835 2332 recipiuntur,
858 2276 899 2318 Bc
919 2278 1100 2332 utrisque
1117 2278 1307 2328 existunt,
1328 2286 1490 2331 peccata
1507 2286 1617 2320 sunt.
1652 2279 1829 2320 Summa
1848 2280 1973 2334 iqitur
1988 2288 2058 2331 cst,

119 2333 229 2388 quod
245 2334 269 2373 a
287 2333 372 2374 Deo
390 2342 597 2385 creantur,
617 2334 656 2376 a·
672 2343 871 2390 tanquam
886 2350 987 2389 pars
1005 2337 1150 2377 sobolis
1162 2344 1384 2390 pammtum
1394 2345 1615 2391 peccatum,
1632 2338 1702 2391 pri
1707 2339 1864 2379 catione
1871 2339 2059 2392 justitiae

115 2392 360 2446 puniuntur
376 2392 564 2434 artimae:
581 2401 702 2448 atquc
722 2395 848 2436 simul
869 2395 970 2436 dum
989 2395 1066 2436 ista
1087 2396 1207 2451 siunt,
1230 2396 1465 2449 primorum
1487 2403 1710 2449 parentum
1727 2398 1849 2450 culpa
1865 2411 2055 2440 corrum-

115 2457 288 2504 pantur,
325 2449 365 2492 ἃ·
393 2459 553 2505 peccato
570 2453 922 2504 contaminantur,
951 2454 1023 2509 qui
1039 2454 1146 2495 lianc
1161 2454 1436 2508 privationem
1458 2454 1534 2495 sibi
1559 2453 1599 2495 a·
1611 2455 1785 2508 posteris
1803 2463 1962 2509 peceato
1984 2470 2060 2497 suo

120 2515 389 2560 attraxerant,
420 2510 545 2563 juncta
567 2510 744 2552 dictum:
766 2510 898 2552 Unius
920 2512 1253 2567 transgressione
1272 2513 1395 2553 multi
1412 2515 1509 2553 sunt
1526 2515 1694 2553 mortni.
1729 2514 1852 2556 Item:
1873 2514 1952 2555 Per
1969 2514 2060 2555 ino—

120 2567 377 2608 bedientiam
394 2568 516 2609 unius
532 2568 715 2609 hominis
732 2572 967 2623 peccatores
987 2570 1203 2612 constituti
1225 2574 1323 2612 sunt
1340 2570 1476 2612 multi.
1497 2572 1580 2612 Hoc
1596 2572 1828 2614 'membrum
1847 2573 2061 2614 divisionis

121 2639 215 2666 cum
232 2626 274 2666 in
295 2628 451 2681 majore
466 2627 667 2668 omissum
686 2628 748 2678 sit,
767 2629 886 2669 nulla
903 2637 959 2670 est
975 2630 1212 2684 arqumenti
1228 2631 1462 2672 consecutio.
1482 2629 1678 2671 Danaens
1698 2631 1736 2671 3.
1754 2633 1873 2684 parte
1890 2630 2060 2686 Isagog.

123 2698 156 2724 c.
179 2684 244 2725 18.
269 2685 297 2726 81
324 2686 389 2727 19.
404 2686 452 2726 de
469 2700 550 2739 quo
573 2685 780 2739 imprimis
798 2688 972 2739 gaudeo,
991 2689 1101 2742 qnod
1119 2691 1279 2730 exserte
1297 2691 1424 2743 neget
1440 2688 1755 2742 generationem
1773 2704 1861 2730 esse
1878 2705 2059 2742 causam,

123 2742 250 2783 etiam
287 2744 551 2797 quaestiones
574 2744 676 2785 duas
699 2748 890 2786 accurate
909 2746 1224 2801 distinguendas
1243 2750 1422 2788 moneat.
1457 2745 1524 2787 Sic
1543 2761 1642 2802 ergo
1662 2747 1734 2788 ille
1751 2763 1785 2789 0.
1812 2748 1877 2790 19.
1901 2764 1941 2802 p.
1968 2749 2059 2790 151.

126 2800 209 2841 Alii
239 2801 414 2858 denique
443 2803 562 2844 aliud
592 2804 978 2856 comminiscuntur,
995 2813 1040 2847 ‘ut
1065 2807 1233 2848 modum
1251 2806 1361 2848 hunc
1376 2805 1583 2861 explicent.
1629 2806 1773 2849 Verum
1796 2807 1868 2848 hoc
1884 2821 1932 2848 030
1946 2815 2062 2861 parte

1969 2866 2064 2919 jam
