2399 3084
291 72 316 111 8
772 71 932 113 DrsP.
981 71 1014 113 I.
1064 72 1142 114 DE
1190 71 1462 114 RATIONE
1510 73 1764 117 HUMANA

292 196 565 238 collocutores
583 194 796 236 Pontificii
813 195 1075 236 clamabant:
1096 193 1151 236 In
1167 195 1322 249 forneti,
1339 196 1385 236 i‘n
1406 196 1558 250 forma.
1579 195 1712 238 Iidem
1731 197 1941 239 Pontificii
1959 200 2247 252 contemptum

291 254 471 310 Logicae
484 253 974 308 &Philosophiae(quem
986 254 1227 308 reformabis
1243 254 1500 296 calumniose
1511 255 1741 311 affingunt)
1751 257 2032 310 ponuntinter
2044 259 2248 311 tanquam

291 316 463 363 κριτήρια
481 313 803 354 haereticorum.
817 312 927 355 Vide
947 314 1163 356 Pereriam
1181 313 1226 354 ia
1240 314 1399 368 prafat.
1422 315 1477 355 ad
1493 314 1793 368 disputationes
1813 316 2024 371 Pltysieas,
2042 317 2075 358 A
2094 316 2249 371 Lapide

294 373 338 414 in
373 373 393 413 1
427 372 600 414 ΤιἠιοιΙι.
615 372 655 413 6.
675 372 744 412 20.
768 372 932 414 Canum
945 373 1013 415 tib.
1028 373 1069 414 9.
1087 374 1207 414 locor.
1233 372 1418 427 leeotoq.
1437 387 1469 414 e.
1491 374 1529 414 3.
1548 372 1623 414 IX.
1657 374 1722 414 Ex
1741 374 1932 416 absurdis
1955 375 2248 429 consequenti-

294 432 371 473 bus
385 432 539 486 primo,
557 431 657 485 quia
674 433 919 484 sequeretur
935 431 1128 473 homines
1146 429 1308 481 ἀλόγως
1326 446 1368 472 se
1388 431 1508 487 [pag.
1525 432 1600 487 10]
1614 433 1772 474 habere
1784 433 1966 475 circares
1977 434 2138 474 divinas
2152 434 2248 474 abs-

293 505 374 545 que
390 489 723 532 ratiocinatione:
743 490 926 531 breviter
943 505 1032 532 esse
1051 493 1254 545 tanquam
1272 505 1400 544 equos
1418 491 1447 532 St
1464 491 1600 532 mulos
1618 493 1762 532 contra
1782 493 1895 535 Psat.
1913 493 1981 534 32.
1997 493 2036 533 9.
2049 493 2248 543 Seczmdd,

292 564 378 590 non
395 563 516 603 posse
533 564 616 591 non
634 549 739 590 alios
757 549 937 601 erudire,
953 549 1274 604 reprehendere,
1292 549 1550 600 convincere,
1570 552 1697 604 atque
1715 551 1818 592 adeo
1835 552 1962 592 finem
1979 551 2101 592 illum
2118 551 2250 605 scrip-

293 611 487 650 turarum
514 608 581 664 (de
611 622 692 663 quo
706 609 730 648 2
751 608 925 650 Timotlz.
941 610 979 651 3.
995 608 1082 662 16.)
1096 609 1309 650 obtinere:
1330 609 1487 662 poterit
1505 609 1686 663 quilibet
1703 609 1940 651 haereticus
1961 613 2035 651 aut
2053 613 2249 664 peccator

294 667 624 722 quotiescunque
647 682 697 708 ex
727 667 944 721 scripturis
972 667 1182 722 arguitur,
1209 670 1364 721 petere,
1383 670 1430 708 ut
1447 668 1606 723 absque
1624 669 1933 723 consequentiis
1952 671 1976 709 a
1993 669 2181 724 generali
2199 670 2252 710 ad

295 726 531 781 singularia
549 727 626 768 sub
644 726 718 767 illo
736 729 946 777 contenta,
964 726 1069 768 item
1087 728 1110 767 a
1127 727 1219 781 pari
1239 727 1291 768 ad
1307 742 1397 780 par,
1418 728 1442 767 a
1459 727 1589 768 simili
1607 727 1659 768 ad
1675 727 1813 768 simile
1831 729 1897 770 &c.
1916 729 2162 769 ostendatur
2179 728 2253 769 ubi

294 785 498 840 scriptum
521 785 589 837 sit,
618 800 708 826 esse
735 785 1006 827 maledictum
1033 786 1331 837 danmandum,
1360 786 1439 827 hoc
1467 786 1532 828 vel
1558 786 1664 827 illud
1692 801 1815 827 suum
1840 786 2000 828 factum
2029 787 2249 841 displicere

294 844 398 886 Deo.
417 843 540 886 Nulli
558 858 658 899 ergo
675 844 851 898 posthac
869 859 988 886 casus
999 845 1276 899 particulares
1295 845 1539 886 decidantur
1557 860 1607 886 ex
1625 845 1847 899 scriptura,
1867 848 1941 887 aut
1957 846 2164 900 patribus,
2179 848 2253 887 aut

295 918 369 944 ure
393 903 616 945 Canonico.
649 902 792 957 Atque
820 903 924 945 haec
947 906 1061 945 recta
1093 904 1161 945 via
1184 904 1236 945 ad
1264 904 1520 945 atheismum
1554 904 1584 946 81
1611 904 1954 946 libertinismum.
1975 904 2128 947 Confer
2144 906 2252 959 disp.

296 970 482 1004 nostram
497 963 546 1004 de
563 962 784 1004 Atlteismo.
810 963 955 1013 Tertio,
973 965 1064 1004 tum
1086 963 1265 1004 vicerint
1282 962 1448 1015 Judaei,
1468 963 1620 1017 quibus
1639 963 1797 1017 absque
1815 964 2126 1018 consequentiis
2143 979 2252 1005 nun-

298 1036 424 1077 quam
443 1023 605 1063 exserte
618 1021 917 1063 monstrabunt
931 1021 1164 1063 Christiani
1175 1022 1220 1063 in
1232 1021 1286 1065 V.
1299 1021 1572 1064 Testamento
1584 1023 1700 1065 lesus
1714 1024 1755 1066 Ν
1780 1036 1960 1065 zaremts
1969 1024 2083 1079 sitias
2097 1024 2256 1065 Mariae

295 1089 352 1123 est
371 1080 555 1131 Messias,
573 1095 657 1121 non
674 1081 820 1135 magis*
835 1096 962 1135 quam
983 1096 1059 1122 nos
1078 1081 1122 1122 in
1139 1080 1262 1123 Novo
1285 1080 1559 1123 Testamento
1581 1084 1877 1133 monstramus,
1896 1082 2065 1136 Papam
2100 1084 2254 1125 Roma-

297 1154 403 1183 nam
426 1154 510 1181 esse
531 1139 836 1182 Antieltristam
848 1156 863 1190 ,·
887 1140 1065 1182 vicerint
1081 1140 1211 1182 etiam
1233 1139 1415 1194 Sceptici
1433 1142 1462 1183 a
1479 1140 1736 1195 Pyrrhionii,
1760 1140 2088 1190 Enthusiastae3
2108 1141 2255 1182 Liber-

297 1199 389 1250 tini,
408 1198 511 1240 item
529 1197 742 1240 Sociniani
759 1201 788 1242 &
805 1199 978 1250 similes,
993 1201 1021 1242 St
1033 1200 1315 1254 respondeant
1323 1199 1408 1240 illis
1419 1199 1631 1241 Pontificii
1642 1199 1877 1240 dicentibus
1890 1214 2056 1241 omnem
2065 1200 2256 1254 ipsorum

298 1257 617 1310 Scholasticam,
645 1258 927 1310 casuisticam,
958 1260 987 1301 &
1014 1259 1248 1300 textualem
1271 1257 1564 1314 Theologiam,
1589 1273 1720 1313 aeque
1748 1273 1795 1300 ac
1816 1261 1984 1300 nostrae
2001 1258 2258 1300 roformatae

298 1331 499 1372 magnam
528 1319 707 1371 partem,
735 1332 825 1359 esse
854 1318 1031 1372 glossas,
1060 1317 1395 1372 consequentias,
1425 1333 1472 1359 ac
1491 1318 1750 1359 subtilitates
1767 1317 1989 1369 humanas,
2008 1318 2181 1359 minime
2204 1318 2257 1359 ad

299 1376 481 1418 salutem
508 1376 779 1428 necessarias,
809 1377 965 1431 quippe
994 1391 1101 1431 quae
1127 1377 1303 1418 exsertis
1326 1376 1465 1418 verbis
1488 1376 1531 1417 in
1550 1377 1758 1431 scriptura
1778 1391 1861 1417 11011
1880 1379 2059 1419 exstent.
2086 1377 2257 1430 Quarti).

294 1435 437 1490 jacent
463 1437 556 1476 tum
579 1435 720 1476 omnia
737 1436 935 1489 capitula,
956 1450 1135 1477 canones
1154 1437 1183 1478 81
1206 1436 1397 1490 symbola
1415 1435 1686 1489 antiquorum
1703 1435 1989 1487 conciliorum,
2008 1436 2257 1477 nominatim

299 1494 532 1549 primorum
561 1497 743 1548 quatuor
770 1494 1158 1546 Oecumenicorum,
1189 1509 1296 1549 quae
1316 1497 1461 1536 contra
1487 1495 1721 1536 haereticos
1751 1496 1780 1537 &
1809 1494 2096 1536 schismaticos
2114 1497 2258 1536 nostra

299 1553 513 1604 methodo,
540 1568 625 1594 non
657 1552 903 1604 Verronica,
930 1554 974 1596 h.
992 1569 1026 1595 e.
1054 1569 1129 1608 per
1150 1554 1470 1608 consequentias
1498 1554 1794 1608 procuderunt,
1826 1556 1873 1595 ut
1895 1554 2049 1595 diserte
2077 1556 2258 1595 testatur

303 1613 588 1655 Bellarmimts
617 1613 665 1654 de
690 1613 840 1655 Concit.
868 1613 935 1655 lib.
960 1614 998 1654 2.
1022 1627 1052 1654 e.
1075 1614 1142 1655 12.
1161 1614 1191 1655 81
1209 1615 1372 1654 constat
1395 1628 1445 1653 ex
1467 1613 1570 1654 actis
1589 1614 1618 1655 &
1640 1613 1868 1654 canonibus
1886 1612 2166 1654 Conciliorum
2184 1628 2259 1667 per

300 1674 451 1713 totum.
474 1672 639 1724 Quinto,
653 1672 753 1725 quia
770 1672 1071 1713 condemnatur
1088 1672 1287 1715 &ridetur
1303 1672 1383 1713 hac
1395 1674 1484 1713 arte
1498 1671 1728 1713 Verronica
1741 1671 1875 1713 omnis
1891 1671 1999 1713 ratio
2018 1672 2259 1726 disputandi

303 1730 530 1785 apatiibus
548 1732 692 1772 contra
710 1731 906 1785 antiquos
924 1731 1159 1772 haereticos
1177 1730 1462 1788 Manichaeos,
1476 1730 1672 1781 Arianos,
1692 1730 1944 1785 Pelagianos
1963 1732 2028 1773 &c.
2042 1733 2257 1785 usurpata3

300 1804 377 1830 nec
397 1804 480 1830 non
502 1792 591 1830 tota
613 1789 835 1831 methodus
860 1789 1119 1845 Theologiae
1142 1789 1427 1831 Scholasticae
1447 1805 1454 1831 :
1480 1790 1638 1831 adhaec
1660 1789 1871 1831 Pontificii
1889 1789 2125 1844 scriptores,
2145 1790 2259 1831 elen-

303 1848 412 1899 ctici,
431 1848 577 1902 quales
598 1849 898 1901 Bellarmimts,
917 1850 1192 1904 Staptewmts,
1213 1850 1417 1900 Beeamts,
1437 1849 1670 1900 Serrarias,
1693 1849 1918 1899 (Iret-seras,
1941 1850 2142 1896 Costeras,
2159 1851 2259 1891 Per-

302 1921 448 1959 imam,
472 1908 538 1949 Sto.
558 1921 567 1949 :
602 1908 780 1962 denique
799 1908 1024 1962 scriptores
1043 1923 1202 1959 eorum,
1221 1908 1292 1961 qui
1310 1923 1433 1949 usum
1451 1907 1631 1963 Logicae
1651 1909 1679 1950 81
1696 1907 1997 1962 Philosophiae
2014 1908 2059 1948 in
2078 1907 2260 1949 Theolo-

303 1967 375 2021 gia
403 1966 697 2007 commendant
719 1968 748 2009 &
771 1970 1116 2008 commonstrant.
1152 1966 1294 2021 Atque
1315 1967 1395 2008 hae
1426 1967 1609 2008 rationes
1627 1982 1737 2008 nunc
1759 1966 1986 2007 sufficiant.
2020 1966 2260 2008 Pleniorem

303 2025 568 2080 quarundam
594 2025 809 2067 rationum
838 2026 1122 2068 diductionem
1140 2041 1234 2067 cum
1264 2026 1558 2080 exceptionum
1584 2025 1791 2067 solutione
1815 2025 1847 2066 si
1873 2025 1966 2079 quis
1985 2025 2206 2074 desiderat,
2225 2026 2260 2067 is

305 2085 427 2125 adeat
446 2084 574 2127 Nieot.
605 2085 749 2127 Vedetii
765 2086 969 2128 'rationale
992 2085 1278 2140 Tlteotoyicam
1296 2101 1308 2126 .·
1325 2085 1399 2126 ubi
1417 2086 1446 2127 a
1464 2085 1538 2125 alii
1555 2085 1750 2126 citantur.
1767 2083 2017 2125 Confer-atur
2036 2084 2198 2126 Rieetus
2216 2085 2262 2126 in

309 2143 511 2186 Catholieo
533 2143 786 2193 Ortltodooeoe
796 2144 1006 2198 imprimis
1023 2145 1119 2186 Abr.
1140 2144 1413 2186 Rambartias
1431 2143 1673 2198 Theologus
1689 2142 1952 2194 Sedanensis,
1967 2143 2039 2197 qui
2053 2143 2261 2184 eruditam

307 2202 636 2257 disputationem
665 2203 794 2244 edidit
812 2203 890 2244 hoc
907 2203 1052 2244 titulo:
1077 2205 1139 2245 De
1155 2203 1353 2245 renovatd
1369 2203 1641 2257 autiqaoiwn
1659 2202 1957 2244 haeretieorum
1975 2210 2075 2253 arte,
2094 2203 2177 2258 qztd
2199 2217 2260 2244 se-

305 2276 345 2303 se
379 2262 587 2303 venditant
620 2262 812 2303 hodierni
841 2270 1010 2317 aqyrtae
1031 2261 1072 2304 a·
1097 2263 1358 2304 circulatores
1368 2269 1636 2316 provocante-s
1648 2261 1704 2302 ad
1717 2269 1919 2303 certamen
1931 2261 2260 2310 orthodoxarum

306 2321 568 2362 ecclesiaram
596 2321 822 2362 ministros.
857 2320 1049 2374 Denique
1077 2322 1199 2363 Com:
1228 2321 1407 2375 Berqias
1434 2321 1480 2361 in
1507 2320 1864 2362 dissertationibus
1892 2321 1940 2362 de
1959 2321 2040 2377 side
2060 2321 2260 2362 Catliotieo

307 2394 415 2420 anno
446 2379 573 2420 1639.
594 2379 706 2420 edita
722 2380 766 2420 in
784 2380 824 2421 8.
847 2380 1006 2422 dissert.
1025 2380 1063 2421 5.
1083 2379 1378 2421 Concludimus
1391 2379 1633 2420 Pontificios
1651 2394 1726 2433 per
1748 2379 1889 2420 omnia
1906 2379 1975 2419 1110
1994 2379 2152 2420 similes
2171 2394 2261 2420 esse

306 2437 391 2478 illis
424 2438 647 2479 haereticis
666 2439 715 2479 de
732 2439 885 2492 quibus
902 2438 1195 2480 Nazianzenus
1213 2438 1324 2492 quod
1340 2452 1462 2479 amor
1479 2439 1619 2480 literae
1635 2438 1742 2480 'nihil
1761 2438 1880 2493 [pag.
1901 2438 1977 2493 11]
1997 2438 2116 2479 aliud
2135 2452 2263 2493 qaam

310 2496 530 2550 impietatis
547 2497 845 2539 indumentum
863 2498 963 2551 ‘ipsis
979 2505 1087 2540 esset.
1108 2496 1215 2538 Vide
1234 2511 1388 2552 quaeso
1406 2497 1494 2551 ejus
1516 2498 1629 2539 Orat.
1651 2499 1688 2538 6.
1712 2498 1761 2539 de
1783 2497 1945 2552 Spiritu
1964 2497 2136 2545 Sanet0;
2157 2496 2262 2537 Bre-

308 2555 415 2596 viter
431 2555 497 2596 his
515 2556 544 2597 &
561 2556 770 2597 similibus
789 2556 1104 2610 exceptionibus
1122 2555 1419 2606 declinatoriis,
1439 2555 1467 2597 &
1485 2556 1724 2597 moratoriis
1744 2556 1838 2597 aliis
1856 2558 1951 2609 post
1977 2554 2081 2596 alias
2095 2555 2263 2610 excogi-

309 2613 409 2654 tatis
427 2613 505 2654 hoc
521 2616 689 2655 tantum
708 2629 775 2656 eos
794 2629 933 2669 agere,
952 2617 999 2656 ut
1014 2615 1183 2656 omnino
1201 2629 1327 2655 causa
1342 2629 1425 2655 non
1442 2617 1608 2670 agatur,
1628 2615 1739 2670 quod
1756 2613 1989 2656 Donatistis
2001 2613 2142 2668 Epist.
2164 2615 2259 2654 152.

310 2671 350 2714 ἃ·
370 2672 416 2713 in
441 2673 541 2714 actis
568 2674 698 2714 collat.
729 2673 976 2728 Carthagin.
995 2689 1090 2715 cum
1108 2673 1336 2715 Catholicis
1359 2673 1504 2727 objicit
1520 2673 1807 2728 Augustinus:
1827 2672 2034 2728 siquidem
2051 2687 2176 2714 causa
2193 2673 2259 2727 ip-

309 2745 450 2772 sorum
476 2733 566 2772 tam
593 2731 813 2786 desperata
836 2735 912 2784 est,
942 2735 989 2774 ut
1015 2733 1155 2787 potius
1183 2732 1497 2786 despiciendum
1524 2732 1606 2773 sibi
1632 2734 1796 2786 putent,
1821 2731 2027 2786 quomodo
2049 2731 2157 2772 ratio
2174 2746 2259 2773 non

310 2789 447 2844 possit
473 2789 604 2842 reddi,
633 2805 760 2845 quam
784 2792 990 2847 quomodo
1012 2791 1220 2834 reddenda
1235 2790 1304 2841 sit,
1327 2793 1374 2832 ut
1390 2791 1491 2832 olim
1508 2791 1661 2833 Pericli
1677 2791 1763 2833 tale
1786 2790 1886 2846 quid
1903 2789 2128 2845 ingerebat
2144 2789 2262 2831 Alci-

2122 2848 2265 2890 biades
